2605 4426
1147 372 1656 452 -12*-··'

433 559 817 620 emendatrix
863 558 1044 627 dedit
1085 568 1149 629 et
1176 560 1416 621 Iunius
1442 561 1768 621 Gracchus
1780 581 1801 629 ‚·
1849 562 2047 624 voluit
2075 563 2275 622 Grac-

434 698 651 755 cmma,
696 686 764 741 et
787 685 860 742 nt
884 680 1059 761 prius
1085 679 1235 742 huic
1275 679 1617 762 posteriori
1657 680 2042 760 conveniret,
2085 685 2279 745 tertia

431 816 682 874 manus,
712 818 894 879 qnam
923 799 990 858 in
1023 797 1249 860 codice
1282 798 1357 861 Β.
1379 799 1688 875 videmus,
1730 800 2273 863 correxitutF'ul·

430 918 573 977 vius
645 915 920 978 Flaccus
994 916 1235 978 scribit.
1346 916 1477 979 Sed
1540 915 1743 980 Varro
1809 919 2047 999 ubique
2109 919 2277 981 nude

427 1035 666 1097 Jum'ua
707 1035 929 1098 dicim
1008 1034 1228 1115 ltaque
1250 1036 1308 1097 si
1350 1035 1631 1098 melioris
1674 1043 1862 1101 notae
1905 1037 2085 1100 libris
2130 1056 2278 1099 con·

430 1152 703 1229 fidimus,
742 1153 782 1214 J
786 1153 916 1215 unii
956 1173 1185 1217 nomen
1227 1152 1567 1217 constabit.
1651 1154 1751 1217 Ad
1795 1155 2084 1236 ejusdem
2110 1155 2283 1218 Jmiii

429 1271 873 1334 auctoritatem
914 1280 1218 1355 provocat
1255 1270 1458 1335 Varro
1499 1269 1580 1349 V,
1619 1270 1685 1336 8.
1729 1294 1796 1355 p.
1830 1270 1937 1336 55.
1980 1273 2060 1351 V,
2100 1271 2167 1339 9.
2210 1295 2275 1356 Ρ.

426 1384 535 1450 61.
600 1389 766 1451 sicut
829 1364 1214 1453 Censorinus
1284 1414 1343 1456 c.
1389 1389 1497 1454 m.
1561 1413 1625 1474 p.
1669 1382 1819 1456 148.
1883 1393 1992 1453 ubi
2033 1392 2281 1474 plenior

430 1508 772 1589 appellatio
814 1516 1258 1592 praecesserat
1298 1513 1390 1584 (v.
1436 1509 1721 1573 Carrion.
1751 1510 2021 1573 Emend.
2064 1507 2130 1587 1,
2170 1505 2276 1572 19.

372 1666 375 1669 -
430 1627 498 1688 in
519 1626 771 1690 Gruter.
814 1628 1003 1710 lamp.
1050 1626 1194 1691 crit.
1240 1626 1324 1692 Τ.
1370 1627 1476 1691 ΙΠ.
1518 1650 1587 1711 p.
1629 1625 1818 1705 126.)
1855 1636 1927 1694 et
1966 1649 2023 1693 c.
2063 1626 2171 1693 ffi-
2213 1650 2278 1711 p.

432 1741 583 1809 163.
609 1792 629 1822 ,
691 1745 1055 1810 Macrobius
1097 1747 1232 1835 Sat.
1278 1744 1358 1824 1,
1412 1745 1518 1811 15.
1585 1770 1650 1831 p.
1692 1745 1844 1812 2⁷5.
1906 1748 2012 1811 ed.
2056 1746 2278 1822 zeum,

429 1865 656 1945 quibus
708 1865 867 1941 locis
910 1878 1038 1929 non
1078 1867 1217 1929 sine
1258 1884 1501 1929 summa
1539 1867 1988 1951 probabilitate
2027 1865 2141 1928 dd.
2182 1882 2279 1926 vv.
2365 1857 2370 1860 ’

425 1957 680 2043 Junium
708 1983 1145 2047 Gracchanum
1186 1985 1438 2048 odorati
1471 1992 1637 2063 sunt,
1680 1986 1968 2066 quoniam
1997 1983 2280 2066 ejusdem

429 2103 522 2163 rei
565 2100 753 2164 testis
779 2102 969 2166 modo
998 2102 1287 2185 pleniore
1316 2103 1508 2166 modo
1536 2078 1840 2166 breviore*
1857 2102 2279 2186 appellatione

429 2221 849 2303 producatur,
904 2224 992 2285 cf.
1046 2223 1271 2287 Carrio
1324 2226 1372 2287 l.
1431 2247 1490 2289 c.
1534 2223 1796 2309 11:127.
1860 2224 1921 2287 J.
1969 2223 2050 2287 G.
2091 2219 2283 2296 Voss..

427 2338 512 2400 «le
553 2337 781 2403 histor.
822 2339 966 2404 Lat.
1008 2340 1070 2405 1.
1118 2365 1175 2406 c.
1194 2342 1261 2406 9.
1306 2367 1370 2427 p.
1392 2341 1500 2408 56.
1548 2345 1652 2418 ed,-
1689 2365 1820 2408 sec.
1865 2341 1944 2406 L.
1968 2343 2044 2403 Β.
2087 2335 2279 2402 1651.

426 2456 706 2521 Brisson.
774 2459 856 2522 «le
916 2463 1167 2524 verbor.
1235 2465 1445 2543 signif.
1511 2462 1593 2527 T.
1636 2461 1701 2526 1.
1745 2486 1809 2547 p.
1853 2459 2002 2525 528.
2058 2458 2279 2520 Rosin.

428 2575 621 2657 antiq.
663 2575 848 2641 Rom.
890 2580 1242 2643 Amstelod.
1283 2579 1476 2648 1685.
1520 2604 1585 2664 p.
1626 2578 1801 2660 902„
1845 2585 2112 2660 excepto
2155 2595 2280 2636 uno

429 2694 818 2779 Glandor'pio
861 2699 930 2760 in
974 2699 1198 2765 onom.
1242 2723 1308 2783 p.
1352 2698 1500 2778 501,
1545 2701 1651 2782 qui
1678 2702 1755 2763 ab
1776 2699 1974 2763 Junio
1992 2693 2280 2758 Graccho

428 2813 733 2877 Varronis
754 2862 776 2894 ,
837 2817 1090 2879 Junium
1134 2819 1569 2882 Gracchanum
1609 2819 1885 2903 Ulpiani,
1927 2823 1995 2880 et
2030 2814 2282 2877 Junium

430 2934 740 3014 quendam
762 2981 781 3012 ,
833 2936 1281 3019 ‚Gmcchanum
1338 2937 1531 3000 Plinii
1576 2938 1881 3001 distinxit.
1973 2925 2290 3022 ΗιιῚΙιιίιι.ἱ

429 3053 564 3118 lnd.
608 3052 773 3117 Plin.
815 3054 884 3116 in
925 3076 983 3119 v.
1026 3055 1269 3119 Junius'
1294 3057 1720 3120 Gracchanus.
1762 3054 1844 3118 T.
1886 3052 1966 3115 X.
2011 3073 2074 3134 p.
2116 3035 2278 3112 521.

431 3172 533 3235 ed.
598 3173 827 3237 Franz.
891 3173 1312 3239 Recentiores
1374 3175 1544 3238 inter
1571 3152 1756 3235 'Junii
1799 3169 2159 3234 Gracchani
2214 3176 2283 3230 et

283 3331 297 3348 s
427 3293 596 3354 Junii
642 3293 917 3357 Gracchi
978 3295 1466 3376 appellationem
1525 3292 1828 3355 fluctuant
1847 3337 1868 3368 ,
1934 3293 2126 3373 prout
2176 3293 2283 3347 aut
2369 3379 2376 3382 „

427 3409 700 3474 Varroni
741 3423 849 3476 aut
873 3411 1105 3492 Plinio,
1127 3413 1423 3496 Ulpiano,
1467 3401 1837 3488 Censorino,
1877 3407 2060 3489 Lydo
2086 3405 2281 3467 fidem
2315 3503 2324 3516 .

429 3532 802 3602 babuerunt.
859 3531 946 3594 cf.
1012 3531 1302 3599 Dirksen.
1355 3530 1788 3594 Bruchstiicke
1831 3546 1941 3592 aus
1985 3527 2048 3591 d.
2096 3524 2278 3585 Schr.

434 3651 494 3710 d.
543 3653 699 3711 rom.
744 3651 1046 3730 Juriaten.
1091 3633 1498 3733 Kiiuigsberg
1538 3647 1728 3714 1814.
1786 3670 1852 3730 Ρ.
1897 3642 2001 3707 57.
2050 3642 2280 3704 Grote-

433 3766 605 3829 send.
654 3768 718 3828 in
763 3768 1021 3849 Eucycl.
1070 3772 1296 3834 Ersch.
1347 3770 1424 3831 T.
1473 3770 1568 3832 Vs
1601 3792 1665 3851 p.
1709 3764 1814 3830 11.
1862 3763 2030 3825 Hane
2075 3758 2275 3842 praef.
