2605 4426
978 378 1396 475 μω...-

260 604 683 683 antiquiores,
730 621 908 681 quam
937 603 1163 667 ,urbem
1198 603 1417 677 fuisse,
1461 601 1610 662 satis
1647 607 1860 679 argute
1893 586 2099 662 docet·

262 720 487 801 ltaque
531 721 824 781 Martium
870 738 1144 780 mensem
1190 739 1227 779 a
1269 718 1479 779 Marte
1525 717 1771 797 quidem
1825 721 2106 782 nomina-

262 850 401 901 tum
468 840 699 914 credit,
765 856 890 896 non
957 838 1096 916 quia
1156 835 1405 896 Romuli
1460 835 1654 896 fuerit
1716 843 1924 918 pater,
1991 839 2106 900 sed

266 958 440 1037 quod
486 934 641 1036 gens
678 955 902 1015 Latina
964 954 1286 1015 bellicosa.
1374 952 1650 1035 Aprilem
1715 961 1922 1015 autem
1983 975 2109 1018 non

269 1077 351 1135 ab
395 1073 775 1177 Aphrodite,
834 1071 948 1131 sed
991 1071 1066 1130 ab
1115 1069 1497 1150 aperieud03
1565 1071 1731 1165 nuod
1775 1079 1925 1133 tunc
1967 1074 2109 1136 fere

268 1198 495 1287 cuncta
537 1154 895 1270 gignantur,
951 1197 1016 1248 et
1060 1186 1358 1247 nascendi
1403 1188 1680 1249 claustra
1716 1191 1958 1270 aperiat
2001 1212 2108 1254 na-

267 1321 432 1371 tura.
519 1307 752 1368 Maium
792 1324 940 1365 vero
987 1323 1111 1365 nou
1154 1323 1190 1364 a
1231 1303 1603 1383 majoribus,
1668 1306 1784 1367 sed
1849 1329 1885 1369 a
1940 1309 2110 1375 Maia

269 1446 503 1489 nomen
566 1424 927 1505 accepisse3
1000 1421 1168 1501 quod
1232 1439 1310 1480 eo
1377 1440 1593 1482 mense
1657 1428 1786 1484 tam
1842 1425 2110 1505 Romae,

271 1564 456 1626 quam
515 1551 695 1606 antea
759 1542 824 1602 in
880 1540 1098 1616 Latio,
1163 1560 1265 1600 res
1320 1539 1809 1604 divinamaiae
1873 1547 1984 1608 fiat
2047 1557 2115 1610 et

271 1663 621 1726 Mercurio.
707 1660 954 1722 Junium
1002 1677 1246 1739 quoque
1292 1679 1328 1719 a
1369 1658 1614 1720 Junone
1657 1663 1887 1741 potiuS,
1932 1686 2110 1744 quam

274 1804 311 1844 a
344 1781 736 1864 junioribuS,
793 1777 962 1858 quod
1004 1777 1114 1838 illo
1160 1795 1378 1836 mense
1422 1778 1687 1838 maxime
1728 1779 1953 1842 Jnnoni
1998 1784 2112 1845 lio-

270 1919 461 1962 nores
503 1900 868 1960 habeantur.
959 1894 1331 1974 Quintilem,
1390 1894 1557 1973 quod
1598 1895 1742 1956 loco
1786 1900 1951 1980 apud
1991 1900 2111 1965 La-

271 2019 442 2081 tinos
486 2017 682 2079 fuerit
723 2016 977 2097 quintet
1018 2016 1171 2075 item
1203 2012 1531 2090 Sextilem,
1574 2033 1647 2075 ac
1693 2015 1990 2099 deinceps
2034 2021 2115 2084 ad

274 2112 720 2212 Decembrem,
774 2156 808 2196 a
851 2134 1124 2195 numeris
1176 2132 1547 2216 appellatos.
1635 2128 1970 2199 Caeterum
2012 2140 2117 2203 Ja-

276 2258 553 2319 nuarium
620 2261 685 2316 at
747 2255 1156 2315 Februarium
1223 2259 1454 2332 postea
1519 2253 1767 2330 quidem
1832 2255 2114 2335 additos,

275 2375 393 2437 sed
436 2375 783 2437 nominibus
815 2374 948 2453 jam
995 2391 1069 2433 ex
1113 2370 1297 2432 Latio
1342 2372 1595 2447 sumtis3
1656 2379 1721 2434 et
1760 2374 2116 2439 Jauuarium

281 2514 315 2555 a
340 2494 525 2570 Jano,
571 2495 671 2555 cui
715 2494 1046 2554 attributus
1077 2477 1207 2568 est,
1238 2467 1479 2551 ¹nomen
1507 2477 1790 2569 traxisse,
1835 2492 2119 2557 Februa·—

278 2612 439 2672 rium
482 2633 518 2673 a
561 2611 850 2673 februo.“
1129 2667 1159 2709 t
2087 2581 2088 2590 ἵ

446 2729 630 2792 Unde
672 2731 937 2812 primum
982 2730 1224 2805 elucet,
1289 2728 1639 2794 Varronem
1682 2731 1764 2793 de
1826 2732 1929 2803 his
1993 2736 2117 2799 alio

283 2850 422 2934 locc
468 2851 835 2931 exposuisse
879 2855 1067 2929 atque
1111 2868 1220 2926 eo,
1285 2868 1467 2929 quem
1510 2849 1986 2930 proposuimus,
2054 2862 2122 2916 et

283 2941 532 3029 uberius
578 2969 866 3047 quidem,
928 2965 1000 3029 'ut
1066 2975 1167 3030 est
1207 2967 1548 3029 verisimile
1594 2951 1812 3031 eadem
1856 2972 1922 3031 in
1966 2974 2121 3035 anti-

288 3081 591 3166 quitatum=
630 3087 809 3164 libris
854 3080 1262 3162 tractaverat,
1306 3105 1566 3165 quorum
1614 3088 1673 3148 ei
1716 3090 1909 3169 parti,
1964 3111 2124 3171 quae

218 3237 221 3240 Α
285 3205 405 3266 fuit
447 3205 526 3267 de
571 3205 994 3287 temporibus,
1056 3206 1253 3267 libros
1298 3225 1408 3267 sex
1451 3204 1600 3282 XIV
1639 3235 1723 3251 -·
1766 3205 1911 3267 XIX
1952 3229 2138 3290 com<

283 3323 536 3405 plexae,
581 3329 784 3385 totum
826 3325 950 3386 hoc
994 3325 1076 3385 de
1123 3324 1398 3398 dierum,
1444 3324 1775 3411 meusium,
1821 3345 2123 3408 annerum

284 3442 526 3504 ratione
570 3449 757 3525 caput
798 3437 1107 3528 prcbabili
1150 3420 1449 3526 perquam
1494 3443 1857 3523 conjectura
1899 3447 2124 3511 tribuit

287 3559 659 3649 Krahperus.
763 3563 1113 3624 Comment.
1181 3563 1261 3624 de
1313 3562 1407 3624 M.
1477 3561 1558 3623 T.
1626 3560 1929 3630 Varronis
1992 3572 2128 3632 ant.‘

290 3698 410 3739 rer.
455 3680 628 3743 hum.
677 3687 746 3741 et
790 3680 978 3742 divin.
1012 3681 1187 3742 libris
1230 3681 1391 3744 XLI.
1422 3665 1592 3763 spec.
1639 3702 1701 3762 p.
1731 3679 1838 3745 26.
1882 3683 2122 3747 Eadem

292 3818 501 3880 parum
560 3771 1014 3882 circumspecte
1073 3800 1343 3863 Rubino‘
1381 3823 1444 3883 p.
1501 3799 1650 3863 524.
1708 3821 1850 3865 ann.
1899 3822 1935 3865 a
1998 3801 2125 3867 Te·

1588 3918 1634 3982 3
1667 3893 1714 3960 ”a
