2605 4426
1062 391 1481 471 ..L-9„

195 672 200 681 θ
327 600 478 660 “mci
521 597 917 658 difficiliores
963 596 1369 658 illustrantur.
1470 595 1668 655 Leod.
1718 592 1904 677 1820.
1951 616 2012 674 Ρ.
2060 592 2193 655 11.;

352 716 483 792 „Ut
544 715 699 777 illud
762 716 882 777 hac
950 714 1285 783 occasione
1352 728 1636 774 moneam
1662 733 1710 785 ,¹
1752 716 1942 774 verba
2006 713 2195 775 latina

351 852 583 916 graece
654 836 894 916 scripta
969 834 1158 897 etiam
1223 816 1380 894 cums
1427 831 1668 893 librarii
1734 832 1913 915 culpa
1976 834 2196 914 depra-

242 922 249 935 ⁸
351 960 490 1016 vata
534 971 677 1016 esse
732 961 1085 1026 constaret,
1152 969 1280 1013 non
1346 970 1597 1032 semper
1662 951 2006 1012 emendavi.
2074 952 2196 1012 Co-

306 1079 311 1084 ’
355 1073 476 1134 dex
514 1069 559 1135 1
583 1119 600 1143 ,
663 1056 771 1134 24
815 1066 1236 1157 γραγχιανός.“
1347 1069 1476 1131 Sed
1521 1070 1688 1130 haud
1729 1069 1903 1130 facili
1947 1069 2199 1150 negotio

353 1188 612 1267 dixeris,
656 1190 889 1269 vitione
919 1189 1279 1264 scribentis,
1310 1209 1387 1250 an
1425 1188 1705 1250 Graecae
1735 1188 2025 1268 loquelae
2053 1207 2200 1269 pro-

352 1278 627 1390 prietate
671 1308 933 1390 quadam
963 1308 1260 1370 effectum
1304 1307 1407 1381 sit,
1449 1313 1519 1368 ut
1546 1307 1672 1367 hae
1700 1307 1922 1369 literae
1948 1305 2197 1368 Latina·

352 1448 489 1490 rum
534 1416 1071 1504 vicem'subirent,
1117 1445 1301 1506 quum
1333 1425 1557 1487 eadem
1587 1425 1898 1509 scriptura
1922 1426 2201 1507 reperia-

353 1556 456 1609 tm·
516 1547 686 1628 apud
748 1546 1004 1626 Dionys.
1068 1544 1211 1606 Hal.
1275 1542 1355 1620 X,
1396 1541 1504 1607 22.
1554 1543 1657 1605 ed.
1702 1542 1918 1606 Reisk.
1965 1543 2047 1609 Τ.
2089 1544 2197 1607 lv.
2296 1612 2310 1617 ,

353 1662 640 1746 Ρ.ῑ2046.
667 1662 966 1752 Γράγχος.
1009 1665 1256 1726 Atticos
1301 1662 1526 1725 saltem
1569 1662 1697 1723 nisi
1737 1663 1803 1723 in
1846 1656 2202 1725 nominibus

302 1854 306 1858 A
354 1784 627 1867 propriis
670 1774 738 1846 et
778 1782 1068 1866 plebeiis,
1110 1783 1316 1863 iisque
1356 1780 1786 1862 paucissimis,
1828 1801 1956 1843 non
2006 1781 2203 1844 admi-

298 1882 303 1887 *
357 1901 518 1965 sisse
568 1925 606 1964 κ
611 1926 654 1984 χ
705 1902 924 1963 docuit
975 1897 1331 1963 Lobeckius
1383 1901 1451 1961 in
1493 1898 1799 1982 Aglaoph.
1844 1920 1907 1983 Ρ.
1931 1898 2080 1964 845.
2108 1899 2198 1980 [κ]
2270 1924 2272 1935 ⁴

360 2030 428 2082 et
465 2021 532 2082 in
561 2020 765 2084 Paral.
811 2039 902 2102 gr.
938 2039 1032 2102 gr.
1079 2042 1142 2102 Ρ.
1172 2017 1280 2083 55.
1328 2019 1514 2096 Quod
1535 2018 1615 2081 sd
1638 2019 1897 2080 alteram
1921 2021 2204 2082 Graecae
2251 2044 2278 2084 ῃ
2318 2044 2338 2056 ·’

358 2141 704 2222 scripturae
727 2140 1215 2222 discrepantiam
1236 2139 1491 2213 attinet,
1536 2156 1657 2219 qna
1677 2138 1743 2197 in
1773 2135 1941 2212 ιανός
1976 2158 2205 2202 nomen

359 2258 514 2320 illud
557 2258 814 2342 desinit,
857 2261 1016 2322 haec
1061 2257 1395 2322 contendo.
1454 2256 1545 2319 Ut
1585 2275 1804 2320 omnes
1846 2257 2096 2339 linguae
2137 2260 2204 2320 in

358 2377 673 2440 vocabulis
727 2379 1006 2441 externis
1054 2376 1440 2459 recipiendis
1483 2395 1609 2437 non
1651 2374 1772 2437 sibi
1814 2382 2204 2459 temperave-

359 2502 525 2571 runt,
571 2497 719 2577 quin
763 2516 837 2558 ea
883 2496 1224 2559 s‘ecundnm
1251 2496 1431 2577 leges
1460 2494 1842 2557 domesticas
1871 2502 2205 2571 mutarent,

360 2613 518 2674 adeo
576 2621 646 2675 ut
703 2634 905 2702 neque
955 2614 1312 2677 nominibus
1362 2614 1636 2695 propriis
1679 2619 2014 2694 parcerent
2056 2633 2204 2676 con-

359 2732 707 2795 formandis
732 2778 752 2811 ,
814 2734 930 2796 sed
968 2733 1055 2796 ad
1092 2732 1566 2796 similitudinem
1610 2750 1865 2793 suornm
1907 2728 2205 2793 sonorum

361 2849 625 2913 deflexis
668 2842 1094 2916 concederent
1136 2852 1474 2927 civitatem,
1525 2851 1617 2913 sic
1647 2848 1927 2911 Graecos
1959 2869 2207 2930 qnoque

359 2967 426 3027 in
468 2968 810 3032 reddendis
851 2969 1279 3033 Romanorum
1332 2969 1684 3038 nominibus
1730 2967 1935 3049 egisse
1976 2970 2207 3052 probs-

358 3085 488 3148 bile
527 3095 656 3165 est,
699 3088 976 3170 quamvis
1018 3089 1293 3152 fortasse
1337 3088 1656 3152 nominum
1697 3087 2013 3167 Σκηπίων,
2050 3084 2208 3150 Λεῦ-

358 3226 488 3277 κιος
535 3205 661 3267 alia
712 3208 798 3270 sit
850 3207 1040 3270 ratio.
1111 3205 1196 3270 cf.
1240 3208 1476 3271 Buttm.
1519 3221 1614 3288 gr.
1660 3224 1752 3288 gr.
1800 3205 1985 3287 ampl.
2030 3207 2099 3282 §-
2142 3202 2207 3273 5.

360 3331 570 3387 annet.
598 3321 663 3386 2.
689 3320 782 3365 *ψ*
824 3346 888 3408 Ρ.
911 3323 1018 3389 15.
1045 3346 1138 3407 sq.
1171 3324 1231 3405 §.
1255 3325 1319 3389 5.
1350 3332 1565 3388 annot.
1586 3322 1652 3387 7.
1685 3346 1749 3406 Ρ.
1772 3321 1879 3385 25.
1902 3343 1997 3404 sq.
2026 3323 2209 3388 Varr.
2240 3383 2247 3388 ,

361 3442 444 3503 de
485 3442 530 3504 1.
575 3438 652 3534 L.
700 3441 808 3520 Vl,
835 3441 901 3507 2.
934 3444 1038 3508 ed.
1061 3444 1286 3508 Muell.
1320 3466 1384 3526 Ρ.
1408 3441 1516 3509 72.
1556 3450 1627 3505 et
1654 3441 1929 3505 addend.
1963 3465 2026 3525 Ρ.
2057 3441 2207 3508 501.

359 3560 582 3622 Bloch.
651 3561 970 3638 Revision.
1038 3584 1100 3644 Ρ.
1144 3558 1254 3625 25.
1324 3583 1417 3643 sq.
1504 3560 1575 3623 ln
1635 3566 1918 3623 nostrum
1981 3582 2208 3626 nomen
2241 3597 2244 3610 ν

363 3678 597 3741 cadere
639 3680 889 3743 videtur
929 3680 1284 3744 Buttmanni
1331 3683 1689 3744 observatio
1734 3680 1974 3768 prolata
1998 3700 2090 3762 gr.
2116 3703 2205 3762 gr.

362 3796 425 3874 §0
473 3793 638 3868 119,
703 3797 765 3860 4.
826 3821 877 3859 a.
944 3803 1001 3861 b.
1063 3823 1124 3883 Ρ.
1146 3796 1318 3863 429.
1382 3800 1483 3860 ed.
1531 3797 1721 3861 Lob.=
1791 3797 2008 3878 '„qv6‹‚·,
2047 3797 2209 3877 ἶὶνός,
