2605 4426
250 567 480 633 Annal.
525 564 687 628 Zim.
732 585 788 628 a.
833 566 897 627 d.
938 562 1128 630 1855.
1171 588 1234 650 Ρ.
1277 561 1429 629 556.
1474 565 1775 630 Doederl.
1822 568 1972 650 Syn.
2004 567 2087 632 Τ.

252 686 336 750 V.
393 691 460 768 Ρὲ
512 683 621 749 82.
668 704 764 766 sq.
820 684 1193 748 Ramshorn.
1241 686 1392 766 Syn.
1440 684 1522 748 Τ.
1567 686 1645 751 ΙΙ.
1686 708 1753 770 Ρ.
1795 685 1947 751 594.
1991 709 2089 771 sq.

250 807 401 869 Non
442 823 746 886 assequor
786 812 998 867 tamen
1019 805 1353 867 Benfeium
1394 806 1461 866 in
1485 806 1696 868 Jahnii
1724 807 1926 870 annal.
1948 827 2090 871 nov.

252 921 447 988 1852.
490 923 616 986 vol.
648 922 756 986 VI.
785 924 943 986 fasc.
968 921 1034 986 5.
1064 946 1130 1006 p.
1152 921 1302 986 500.
1336 925 1756 988 scribentem:
1801 956 1883 968 —-
1906 945 2093 1003 „man

252 1045 560 1122 versteht,
602 1044 720 1106 wie
761 1064 819 1107 z.
861 1044 936 1107 B.
980 1044 1086 1106 die
1115 1044 1392 1125 Gonsnln
1419 1045 1770 1126 imperium,
1811 1051 2095 1127 potestas

249 1164 384 1226 und
423 1163 825 1257 magistratus
867 1163 1153 1243 zugleich
1191 1156 1416 1225 hatten
1436 1209 1456 1239 ,
1485 1140 1490 1144 ’
1520 1164 1625 1225 die
1665 1164 1937 1227 Aedilen
1977 1183 2096 1226 nur

252 1288 539 1365 potestas
559 1281 689 1343 und
710 1281 1128 1364 magistratus,
1171 1280 1277 1342 die
1300 1278 1628 1344 Tribunen
1653 1302 1772 1343 nur
1789 1288 2094 1365 potestas,

256 1403 421 1463 eben
461 1419 535 1464 so
579 1398 816 1463 Vaete'r
854 1400 986 1461 und
1025 1399 1312 1477 I-Ierren3
1371 1400 1516 1463 eine
1557 1399 1792 1482 Menge
1832 1399 2098 1477 Beamte
2138 1428 2140 1430 ·

257 1517 511 1589 e‘ndlich
572 1538 693 1580 nur
752 1519 1221 1601 magistratus.“
1308 1517 1625 1583 Tribunos
1684 1518 1849 1582 enim
1892 1518 2098 1580 fuisse

255 1637 675 1719 magistratus,
719 1636 844 1699 etsi
882 1643 1010 1698 non
1047 1636 1288 1719 populi,
1328 1642 1541 1699 tamen
1563 1710 1564 1717 ἵ
1583 1636 1787 1720 plebis
1831 1641 2101 1698 testatur
2233 1626 2238 1629 ’

254 1754 393 1817 Liv.
435 1753 511 1817 11.
555 1752 662 1817 56.
716 1752 824 1820 12.
850 1748 998 1829 (οἱ.
1041 1756 1383 1837 interpp.)3
1447 1773 1568 1835 quo
1628 1746 1840 1815 autem
1900 1754 2095 1818 modo

256 1871 395 1952 quis
421 1871 652 1954 ‘possit
706 1892 855 1937 esse
905 1848 1306 1956 massisnams
1348 1851 1487 1935 sine
1529 1872 1735 1953 aliqua
1774 1876 2098 1954 potestate

255 1991 444 2053 velim
487 1964 766 2054 edoceri.
850 1990 1016 2053 Mihi
1067 1990 1290 2055 Junius
1342 1998 1487 2073 apte
1536 1990 1874 2073 potestatis
1915 2009 2099 2053 voca-

253 2109 469 2172 bulum
511 2108 779 2190 elegisse
818 2110 988 2174 visus
1031 2116 1158 2188 est,
1202 2128 1534 2172 commune
1573 2110 1752 2186 illud,
1797 2127 2097 2191 quo‘om-

254 2229 428 2291 nium
487 2228 960 2312 magistratuum
1011 2229 1120 2311 ju's
1182 2229 1731 2313 complecteretur.
1819 2210 2100 2291 Transiit
2152 2217 2161 2223 ’

130 2371 145 2386 «
255 2318 416 2409 haec
453 2331 571 2410 vox
592 2392 612 2425 ,
682 2353 753 2411 ut
815 2348 976 2410 aliae
1040 2369 1078 2410 a
1137 2348 1433 2431 primaria
1496 2348 1952 2428 significatione
2017 2347 2098 2409 ad

255 2467 460 2548 ipsum
500 2484 724 2528 munus
767 2466 1221 2545 denotandum,
1267 2486 1530 2548 quocum
1575 2468 1909 2549 conjuncta
1951 2465 2097 2543 fuit,

257 2583 420 2664 (Cic.
463 2584 532 2646 in
573 2583 761 2648 Verr.·
799 2584 878 2648 11.
920 2582 984 2647 9..
1009 2583 1112 2647 55.
1159 2586 1323 2669 disp.
1369 2584 1562 2648 Tusc.
1606 2583 1668 2649 1.
1710 2583 1817 2647 50.
1858 2581 1965 2647 74.
2014 2584 2100 2647 de

257 2705 380 2785 leg.
424 2702 530 2781 ΠΙ,
569 2700 634 2769 5.
677 2700 742 2767 7.
785 2702 890 2781 ΠΙ,
931 2700 996 2766 7.
1041 2700 1146 2768 17.
1190 2703 1384 2766 Corn.
1432 2704 1595 2786 Nep.
1643 2704 1783 2767 eat.
1827 2683 1928 2777 2.)
1984 2703 2098 2766 de-

257 2823 406 2886 inde
447 2822 751 2889 translata
793 2829 894 2886 est
934 2822 1015 2885 ad
1053 2842 1389 2906 personam
1433 2823 1603 2904 ejus,
1638 2818 1768 2904 'qui
1808 2822 1923 2884 tali
1963 2842 2099 2885 mu-

259 2961 412 3005 nere
454 2917 871 3024 fungeretur.⁸
915 2941 1160 3022 (Juven.
1202 2940 1284 3003 X.
1327 2938 1475 3005 100.
1517 2940 1754 3005 Lucan.
1797 2940 1904 3005 111.
1949 2938 2098 3004 106.

263 3051 608 3124 Commode
648 3060 916 3123 Haasius
959 3060 1040 3122 ad
1081 3035 1352 3143 Reisigii
1413 3062 1460 3123 1.
1515 3080 1573 3123 c.
1617 3066 1938 3141 comparat
1976 3059 2100 3123 Ita-

260 3180 462 3249 lorum
502 3179 788 3261 podesta.
832 3199 898 3261 p.
943 3177 1094 3244 151.
1135 3200 1198 3242 ιι.
1227 3175 1407 3259 145.)
1451 3176 1666 3260 ltaque
1708 3179 1866 3240 nihil
1906 3178 2101 3240 inusi-

122 3293 129 3304 ’
260 3297 376 3360 tati
416 3298 612 3360 habet
649 3317 945 3360 numerus
986 3298 1270 3381 pluralis,
1314 3318 1436 3378 quo
1481 3305 1550 3360 et
1589 3316 1848 3366 munera
1889 3303 1956 3359 et
1996 3297 2118 3376 qui..
2179 3352 2185 3359 .

178 3417 185 3422 ⁴
261 3417 618 3488 muneribus
645 3416 1010 3498 funguntur,
1053 3422 1508 3498 nuncupantur,
1552 3411 1916 3497 quamquam
1937 3417 2102 3478 bene

218 3571 225 3577 ·
261 3542 474 3598 monet
498 3501 787 3611 Haasius,
829 3536 1149 3610 notionem
1193 3536 1494 3598 abstracti
1539 3541 1611 3596 et
1653 3510 1934 3597 concreti
1976 3553 2102 3598 non

162 3705 179 3717 .
261 3654 422 3732 adeo
463 3654 798 3730 coaluisse,
839 3654 1073 3715 nullum
1115 3661 1186 3716 ut
1228 3653 1484 3735 cogitati
1522 3639 1851 3734 vestigium
1878 3670 2120 3734 super-

260 3780 455 3838 esset.
499 3773 663 3853 (Gic.
710 3772 794 3836 de
834 3772 957 3854 leg.
1001 3771 1107 3848 ΙΙΙ,
1146 3770 1210 3835 5.
1239 3771 1304 3835 9.
1354 3773 1437 3836 de
1479 3773 1605 3855 leg.
1652 3791 1779 3854 agr.
1804 3771 1882 3835 ΙΙ.
1904 3767 1968 3834 6.
1992 3767 2098 3833 ss.
