2605 4426
1028 375 1444 440 ...21-

313 563 535 627 Annal.
581 562 988 644 Heidelberg.
1030 561 1228 628 1816.
1273 584 1338 646 p.
1382 561 1529 627 898.
1592 564 1870 626 Ellendt.
1906 566 1983 626 ad
2016 564 2149 628 Cic.

311 684 488 745 Brut.
534 681 699 745 XlV.
765 679 870 745 55.
939 682 1284 764 Goettling.
1330 684 1397 744 in
1439 683 1661 744 Annal.
1731 684 1874 745 crit.
1942 684 2154 745 Berol.

311 798 504 864 1850.
566 824 618 863 a.
670 773 735 864 2.
800 824 864 883 p.
908 799 1059 864 515.
1107 822 1201 882 sq.
1269 809 1338 863 et
1398 780 1672 864 in'libro
1715 801 2047 863 novissimo
2092 824 2155 884 p.

308 918 464 982 266.
541 921 876 983 Drumann.
922 922 988 983 in
1027 922 1111 983 H.
1155 921 1233 983 R.
1281 919 1362 982 T.
1407 918 1513 983 IV.
1558 941 1621 1001 p.
1667 918 1733 982 2.
1782 940 1876 999 sq.
1919 918 2156 981 Verum

310 1047 456 1101 utut
499 1059 570 1100 se
611 1060 716 1101 res
759 1039 972 1117 habet,
995 1039 1237 1101 liberae
1280 1040 1664 1121 reipublicae
1706 1045 1993 1120 tempore
2027 1059 2190 1123 orn-s

310 1179 429 1221 nes
470 1160 692 1223 Juniae
749 1163 957 1241 gentis
1023 1162 1291 1251 familias
1357 1160 1643 1244 plebejas
1708 1160 1942 1237 fuisse,
2007 1161 2161 1221 satis

311 1285 494 1339 certo
518 1272 1053 1360 constat.‘Deque
1095 1270 1318 1342 Juniis
1342 1280 1555 1341 Brutis
1600 1266 1786 1341 testis
1832 1285 1931 1341 est
1971 1278 2154 1340 Dion.

308 1397 458 1458 Hal.
502 1397 548 1460 l.
585 1418 649 1470 c.
706 1392 768 1460 οἵ
807 1396 957 1460 δ’ἆπ
991 1396 1212 1476 ἐκείνης
1248 1386 1494 1471 ἑαυτοὺς
1527 1395 1797 1479 λέγοντες
1830 1397 1934 1476 τῆς
1972 1395 2165 1469 οἶκίας

310 1512 473 1578 εἶναι
513 1513 752 1578 Ἰοὖνιοι
804 1539 871 1579 τε
905 1520 1008 1578 καὶ
1050 1517 1348 1603 Βροῦτοι,
1405 1487 1626 1589 πάντες
1672 1507 1848 1594 ἦσαν
1878 1512 2156 1594 πλὴβιοι,

308 1637 420 1695 καὶ
459 1632 569 1708 τὰς
616 1632 807 1722 ἀρχὰς
848 1633 1147 1727 μετῄεσαν
1197 1632 1271 1709 ἃς
1318 1644 1446 1710 τοῖς
1494 1637 1834 1717 δημοτικοῖς
1886 1638 2161 1716 μετιέναι

310 1750 498 1834 νόμος
534 1751 662 1834 ε’ία,
721 1753 1130 1842 ἀγορανομίας
1174 1777 1243 1818 τε
1291 1760 1396 1818 καὶ
1444 1744 1816 1838 δημαρχίας,
1872 1742 2190 1827 ὃπατειάςμ
2265 1742 2268 1745 ’

258 1933 263 1937 .
313 1868 606 1952 &obde-k,
666 1868 966 1951 ἦς”οὗδενὶ
1011 1875 1165 1952 πλὴν
1200 1870 1237 1952 37'
1270 1882 1400 1948 τοῖς
1433 1876 1776 1961 πατρικίοις
1802 1874 2022 1954 μετῆν
2049 1869 2165 1955 ὀψὲ

316 1990 396 2052 δέ
425 2013 575 2052 ποτε
609 1995 712 2053 καὶ
748 1989 962 2070 ταῦτης
998 1989 1203 2074 ἔτ’τυχον
1230 1993 1334 2071 τῆς
1364 1990 1576 2074 ἀρχῆς,
1613 1991 1727 2073 ίὅτε
1777 1988 2164 2078 συνεχωρῆθη
2221 1976 2222 1979 ¹

315 2110 423 2170 καὶ
454 2116 582 2181 τοῖς
623 2108 961 2193 δημοτικοῖς
996 2103 1177 2186 αὗτῆν
1210 2110 1438 2190 λαβεῖν.
1524 2108 1840 2171 Firmatur
1880 2107 2166 2188 Dionysii

316 2229 750 2290 testimonium
799 2228 986 2292 fastis
1037 2230 1499 2306 consularibuS,
1559 2230 1665 2309 qui
1707 2234 1852 2291 ante
1896 2249 1951 2291 a.
1997 2247 2060 2289 ιι.
2107 2245 2165 2288 c.

317 2342 469 2408 436.
513 2346 827 2407 neminem
866 2344 1116 2406 Junium
1160 2346 1486 2408 consulem
1525 2345 1822 2427 produnt,
1867 2362 1991 2424 quo
2033 2344 2165 2423 qui-
2196 2359 2202 2367 ·
2235 2405 2239 2410 .

319 2461 468 2522 dem
526 2460 601 2523 G.
643 2461 866 2523 Junius
932 2460 1007 2524 C.
1064 2461 1113 2523 f.
1160 2460 1233 2554 C.
1279 2479 1341 2523 n.
1404 2460 1725 2550 Bubulcus
1787 2460 2019 2523 Brutus
2083 2462 2162 2539 Q.

316 2577 591 2668 Aemilio
636 2573 710 2639 C.
755 2576 806 2639 f.
850 2575 925 2639 L.
983 2595 1046 2640 n.
1102 2577 1411 2639 Barbulae
1465 2576 1589 2639 fuit
1641 2575 1912 2658 collega,
1977 2597 2162 2656 quum

317 2704 535 2760 tamen
564 2698 705 2779 jam
748 2685 806 2757 a.
849 2716 912 2760 ιι.
958 2714 1014 2757 c.
1057 2692 1208 2758 587.
1254 2695 1490 2777 primus
1537 2715 1574 2757 e
1615 2695 1802 2777 plebe
1860 2696 1943 2757 ad
1996 2696 2165 2759 hunc

220 2833 227 2838 ’
315 2816 628 2877 honorem
668 2814 1097 2896 pervenisset,
1141 2814 1567 2896 scriptumque
1596 2820 1698 2876 est
1723 2833 1948 2876 nomen
1974 2815 2165 2892 Junii,

316 2940 396 2996 ut
435 2935 501 2995 in
540 2933 810 3016 plebeiis
854 2933 992 2995 lieri
1036 2932 1232 3010 solet,
1274 2933 1419 2994 loco
1464 2934 1762 2997 secundo.
1815 2934 1895 2997 1).
1937 2933 2161 3000 Junius

315 3053 552 3115 Brutus
596 3053 833 3115 Scaeva
875 3073 930 3115 a.
955 3071 1022 3118 u.
1044 3071 1099 3115 c.
1142 3049 1292 3115 414.
1336 3053 1641 3135 magister
1682 3053 1963 3133 equitum
2007 3055 2167 3131 fuit,

315 3190 447 3251 quo
469 3188 726 3233 munere
737 3173 872 3253 jam
896 3192 952 3234 a.
984 3193 1049 3235 ιι.
1096 3192 1152 3233 c.
1181 3169 1331 3235 52⁷.
1376 3171 1665 3254 plebejus
1694 3173 1884 3235 homo
1913 3173 2165 3235 functus

319 3295 479 3380 erat.
566 3265 782 3369 Itallue
820 3289 1000 3348 -nihil
1065 3290 1308 3364 obstat,
1372 3288 1703 3367 quominus
1758 3287 1830 3348 hi
1869 3286 2040 3350 Junii
2084 3288 2166 3350 de

314 3408 511 3491 plebe
553 3407 831 3497 fuerint,
874 3426 1171 3486 suamque
1214 3403 1468 3495 geniem
1509 3389 2010 3483 nobilitaverint,
2053 3427 2167 3469 ne·-

318 3546 448 3607 que
500 3526 567 3593 id
631 3533 821 3606 negat
860 3526 1242 3588 Niebuhrius
1306 3525 1355 3588 l.
1411 3545 1468 3589 c.
1525 3525 1732 3587 Recte
1772 3526 1963 3607 igitur
1992 3527 2167 3609 judi-

316 3664 504 3708 casse
545 3645 838 3707 videntur
881 3642 960 3722 ii,
1005 3645 1111 3725 qui
1150 3644 1402 3706 Junium
1427 3644 1894 3719 Gracchanum,
1953 3664 2167 3725 quam-

314 3782 508 3843 quam
551 3763 850 3828 familiam
880 3763 1016 3845 ejus
1043 3764 1437 3845 ignoramus,
1479 3762 1655 3845 plebi
1682 3741 2167 3845 adscripserunt,
