2605 4426
989 388 1405 452 *21-

276 576 498 639 Annal.
542 574 949 658 Heidelberg.
991 574 1189 640 1816.
1236 599 1298 658 Ρ.
1343 574 1490 640 898.
1553 576 1831 639 Ellendt.
1867 578 1945 639 ad
1977 577 2111 640 Cic.

274 696 450 759 Brut.
495 695 660 759 XIV.
726 693 832 758 55.
900 694 1245 777 Goettling.
1290 697 1358 756 in
1400 696 1621 758 Annal.
1692 696 1836 757 crit.
1903 697 2116 758 Berol.

274 812 466 876 1850.
528 837 579 877 a.
631 786 696 876 2.
761 837 826 896 Ρ.
869 811 1020 876 315.
1067 835 1162 894 sq.
1230 822 1298 876 et
1358 806 1634 876 in'libro
1676 814 2007 875 novissimo
2053 837 2115 896 Ρ.

272 931 424 995 266.
502 934 837 996 Drumann.
884 935 949 995 in
988 935 1072 996 H.
1117 933 1194 996 R.
1241 932 1323 995 Τ.
1368 931 1475 995 IV.
1519 953 1583 1014 Ρ.
1627 931 1694 994 2.
1743 953 1837 1012 sq.
1880 931 2118 994 Verum

274 1060 416 1114 utut
460 1071 532 1113 se
574 1073 678 1114 res
720 1052 934 1129 habet,
957 1052 1198 1114 liberae
1240 1052 1625 1134 reipublicae
1667 1053 1954 1133 tempore
1988 1072 2152 1137 om.-l

274 1193 388 1235 nes
432 1173 655 1235 Juniae
710 1175 918 1253 gentis
983 1174 1252 1263 familias
1318 1174 1605 1255 plebejas
1669 1173 1902 1250 fuisse,
1968 1173 2122 1234 satia

275 1299 457 1353 certo
479 1284 1014 1373 conatat.‘Deque
1056 1284 1516 1355 JuniisBrutis
1561 1280 1747 1354 testis
1793 1300 1893 1353 est
1932 1291 2116 1352 Dion.

274 1411 418 1472 Hal.
465 1410 509 1472 l.
547 1431 610 1483 c.
667 1405 730 1472 οἶ
768 1408 917 1473 δ’ἆπ
952 1408 1174 1489 ἐκείνης
1210 1400 1455 1484 ἑαυτοὺς
1489 1408 1758 1491 λέγοντες
1792 1410 1896 1489 τῆς
1933 1407 2127 1482 οἰκίας

276 1525 433 1591 εἶναι
475 1526 713 1591 Ἰοὖνιοι
765 1552 832 1592 τε
865 1533 970 1591 καὶ
1012 1529 1310 1616 Βροῦτοι,
1366 1500 1588 1602 πάντες
1634 1524 1786 1606 ἦσαν
1839 1525 2118 1606 πλῆβιοι,

274 1650 380 1708 καὶ
420 1645 530 1720 τὰς
577 1645 769 1735 ἀρχὰς
809 1646 1109 1740 μετῄεσαν
1159 1645 1232 1722 ἃς
1279 1657 1407 1722 τοῖς
1456 1649 1795 1730 δημοτικοῖς
1848 1651 2121 1728 μετιέναι

275 1762 460 1848 νὸμος
495 1764 623 1846 ε’ία,
682 1765 1091 1855 ἀγορανομίας
1135 1790 1205 1830 τε
1252 1772 1357 1830 καὶ
1405 1768 1777 1850 δημαρχίας,
1834 1752 2150 1839 ὃπατείας
2227 1754 2230 1757 ’

226 1945 231 1949 .
278 1881 567 1964 δὀῧδεὶς,
627 1881 927 1964 ἦςόὖδενὶ
973 1887 1127 1964 πλὴν
1162 1882 1198 1964 37'
1232 1895 1361 1961 τοῖς
1394 1888 1733 1974 πατρικίοις
1764 1886 1970 1966 pazr-
2010 1881 2127 1967 ὀψὲ

282 2003 356 2065 δέ
387 2026 536 2065 ποτε
570 2008 673 2066 καὶ
710 2002 923 2083 ταῦτης
959 2001 1164 2086 ἔτυχον
1193 2006 1294 2083 τ’ἢς
1326 2003 1537 2087 ἀρχῆς,
1575 2003 1689 2085 ,ὅτε
1738 2000 2125 2090 συνεχωρῆθη

281 2123 384 2182 καὶ
417 2128 543 2193 τοῖς
584 2120 922 2205 δημοτικοῖς
959 2116 1139 2199 αῧτὴν
1172 2122 1400 2202 λαβεῖν.
1486 2120 1801 2182 Firmatur
1840 2119 2127 2200 Dionysii

282 2242 712 2303 testimouium
760 2240 948 2303 fastis
999 2242 1461 2318 consularibus,
1521 2241 1627 2321 qui
1669 2247 1815 2304 aute
1857 2262 1913 2303 a.
1959 2259 2021 2300 ιι.
2069 2257 2126 2300 c.

283 2354 432 2420 ⁴56.
475 2358 788 2419 neminem
828 2357 1077 2419 sunium
1122 2358 1447 2421 consulem
1488 2357 1784 2439 produnt,
1829 2372 1953 2438 quo
1995 2356 2127 2435 qui·
2157 2371 2163 2379 ·
2197 2417 2200 2422 .

284 2474 430 2535 dem
488 2472 563 2535 C.
605 2472 827 2535 Junius
894 2473 969 2536 C.
1026 2474 1075 2536 f.
1121 2473 1194 2538 C.
1239 2493 1302 2535 ιι.
1367 2473 1687 2563 Bubulcus
1749 2473 1981 2536 Brutus
2045 2474 2123 2551 Q.

284 2590 553 2680 Aemilio
597 2587 672 2652 C.
717 2589 768 2651 f.
811 2586 887 2652 L.
946 2608 1008 2651 ιι.
1062 2588 1373 2652 Barbulae
1426 2588 1551 2651 fuit
1603 2588 1874 2670 collega,
1939 2609 2124 2667 quum

284 2717 496 2772 tamen
527 2711 666 2791 jam
711 2698 767 2769 a.
811 2728 874 2772 ιι.
919 2728 976 2769 c.
1019 2704 1169 2771 587.
1215 2707 1452 2790 primus
1498 2727 1535 2768 c
1576 2707 1763 2789 plebe
1822 2707 1904 2768 ad
1958 2708 2126 2786 hunc

199 2843 203 2850 ·
282 2829 591 2890 honorem
630 2827 1058 2909 pervenisset,
1103 2827 1529 2908 scriptumque
1558 2832 1659 2888 est
1685 2844 1911 2888 nomeu
1936 2826 2127 2905 suun,
2225 2867 2228 2872 -

284 2954 356 3009 ut
396 2948 463 3008 iu
503 2946 772 3029 plebeiis
815 2946 954 3008 fieri
998 2945 1194 3022 solet,
1237 2945 1381 3006 loco
1426 2946 1723 3009 secundo.
1777 2945 1858 3009 Ι).
1900 2945 2123 3012 Junius

281 3066 514 3128 Brutus
557 3065 796 3128 Scaeva
838 3086 893 3128 a.
917 3085 983 3132 ιι.
1004 3084 1062 3128 c.
1105 3062 1254 3128 414.
1296 3066 1603 3147 magister
1644 3065 1925 3145 equitum
1968 3065 2128 3141 fuit,

283 3203 410 3264 quo
431 3201 688 3246 munere
700 3185 835 3266 jam
859 3204 914 3247 a.
946 3204 1011 3247 ιι.
1058 3205 1114 3246 c.
1144 3181 1292 3247 527.
1337 3184 1627 3266 plebejus
1655 3185 1846 3247 homo
1875 3184 2127 3246 functus

285 3308 440 3380 erat.
528 3279 744 3380 ltailue
782 3301 962 3360 nihil
1027 3302 1269 3376 obstat,
1334 3300 1664 3379 quominus
1721 3299 1791 3360 hi
1830 3299 2004 3370 Junii
2044 3299 2128 3360 de

281 3421 473 3503 plebe
515 3419 793 3508 fuerint,
836 3438 1133 3498 suamque
1177 3414 1429 3506 geniem
1471 3400 1971 3493 nobilitaverint,
2015 3438 2128 3480 ne-

284 3559 410 3620 que
462 3538 530 3605 id
594 3544 785 3619 negat
823 3538 1205 3600 Niebubriua
1266 3536 1317 3600 l.
1374 3556 1430 3601 c.
1488 3536 1693 3598 Recte
1734 3536 1924 3618 igitur
1953 3538 2129 3619 judi-

281 3677 466 3722 casae
506 3656 801 3720 videntur
843 3656 922 3734 ii,
966 3657 1073 3737 qui
1112 3656 1364 3718 Junium
1389 3655 1856 3731 Gracchanum,
1915 3675 2129 3736 quam-

276 3797 471 3858 quam
514 3775 812 3840 familiam
841 3775 978 3857 ejus
1005 3776 1362 3857 ignoramus
1379 3821 1399 3852 ‚
1442 3774 1618 3857 plebi
1645 3773 2129 3856 adscripserunt,
