2605 4426
511 537 764 617 equites
819 538 896 598 ab
962 504 1251 598 Etruscis
1316 536 1624 599 trossulos
1690 537 1894 599 dictos
1957 538 2227 599 Μωρέ*
2281 570 2362 581 --

512 653 984 736 Murquardtius
1045 654 1199 716 hist.
1266 657 1485 747 equiqtt.
1548 654 1732 717 Rom.
1799 656 1841 717 l.
1911 654 2017 719 lv.
2083 653 2319 739 262.
2347 677 2366 715 τ

512 818 557 849 ,,
582 805 662 819 -
689 773 957 835 Gracchi
994 778 1282 855 tempore
1330 773 1577 852 equites
1626 764 1894 855 equo'p.
1937 774 2366 854 ignominioso

514 889 961 954 Trossulornm
1026 891 1275 956 nomine
1343 890 1851 972 appellabantur,
1925 872 2090 973 qnod
2156 912 2366 973 quan-

514 1030 696 1090 quam
758 1009 1047 1085 fuerunt,
1114 1010 1219 1089 qui
1277 1010 1634 1075 narratione
1678 1011 1776 1106 de·
1804 1011 2036 1091 oppido
2082 1012 2366 1090 quodam

478 1126 827 1190 ‘Trossulo
892 1129 1244 1209 excogitata
1306 1128 1372 1186 in
1435 1127 1742 1188 honorem
1806 1128 2081 1208 equitum
2152 1129 2363 1190 inter-

512 1246 752 1329 pretari
816 1252 1223 1321 conarentur,
1289 1253 1497 1307 tamen
1559 1265 1768 1307 veram
1826 1247 2001 1307 verbi
2047 1247 2362 1327 originem

515 1365 854 1427 obscurare
917 1384 1046 1426 non
1109 1370 1486 1446 potuerunt,
1550 1383 1751 1443 eoqne
1814 1363 2065 1426 nomine
2127 1369 2363 1446 postea

514 1480 758 1561 dignam
819 1501 891 1543 se
950 1482 1241 1564 praebuit
1286 1482 1558 1543 delicata
1602 1501 1814 1543 manus
1858 1480 2167 1562 Pompeii.
2184 1483 2227 1512 “
2277 1515 2363 1526 --

615 1608 623 1616 ‘
682 1595 919 1673 Locos,
986 1599 1205 1678 quibus
1249 1600 1371 1661 hoc
1428 1600 1825 1674 vocabulum,
1891 1600 2043 1661 satis
2106 1619 2364 1674 rarum,

521 1716 798 1797 legitur,
858 1708 1280 1797 inspiciamus·
1392 1718 1554 1780 Non.
1625 1719 1725 1780 ed.
1791 1717 1885 1779 M.
1947 1739 2012 1800 p.
2075 1715 2182 1780 49.
2248 1688 2361 1780 1.⁴:

520 1834 858 1913 „Trossuli
904 1835 1056 1897 dicti
1100 1842 1244 1897 sunt
1287 1837 1581 1898 torosuli.
1657 1835 1858 1898 Varro
1885 1836 2384 1919 Sesquiulyssez‘

518 1952 700 2015 Nunc
755 1948 969 2014 emunt
1018 1954 1301 2029 trossuli,
1366 1955 1563 2015 nardo
1617 1955 1836 2030 nitidi,
1897 1954 2078 2035 vulgo
2138 1956 2361 2021 Attico

517 2072 758 2134 talento
804 2072 1093 2150 equum.“
1139 2073 1359 2151 quibus
1401 2071 1719 2134 Victorius
1776 2072 1842 2134 in
1889 2070 2040 2135 Var.
2101 2080 2170 2134 et
2226 2078 2357 2134 ant.

514 2191 691 2253 lectt.
735 2189 779 2253 l.
825 2188 933 2253 VI.
981 2209 1037 2252 c.
1082 2187 1188 2253 24.
1245 2211 1310 2272 p.
1356 2189 1462 2254 80.
1519 2192 1883 2274 praeposuit
1933 2192 2200 2254 alterum
2260 2190 2359 2254 lo-

518 2329 659 2373 cum
704 2309 989 2390 ejusdem
1047 2310 1281 2371 satirae
1323 2309 1780 2387 Varronianae,
1845 2331 2029 2391 quem
2093 2310 2361 2371 exhibet

516 2428 678 2490 Non.
722 2445 787 2494 v.=
825 2427 1222 2489 calcitrones.
1267 2449 1335 2508 p.
1375 2426 1498 2501 44,
1535 2426 1687 2492 52:
1730 2430 2206 2506 „Calcitrones,
2251 2427 2358 2507 qui

393 2633 397 2636 Α
513 2545 821 2608 infestant
885 2546 1179 2608 calcibus.
1274 2544 1532 2607 Plautus
1594 2545 1663 2606 iu
1692 2620 1696 2624 .
1721 2546 2049 2609 Asinariaz
2113 2546 2361 2608 Clamat

515 2660 799 2758 procul„
843 2662 899 2722 si
965 2681 1148 2742 quem
1209 2660 1446 2721 viderit
1509 2658 1588 2723 ad
1653 2681 1724 2723 se
1787 2662 1884 2725 ire
1926 2661 2355 2742 calcitronem.

372 2789 389 2799 ’
515 2779 720 2846 Varro
764 2777 1205 2860 lesquiulysse
1236 2799 1256 2841 t
1299 2777 1518 2859 Itaque
1560 2785 1689 2841 tam
1733 2800 1957 2861 equum
1999 2782 2359 2845 mordacem

518 2900 926 2962 calcitronem
980 2897 1307 2959 horridum
1359 2898 1541 2960 miles
1591 2918 1666 2961 ac
1720 2900 1815 2960 vir
1874 2919 2002 2962 non
2055 2898 2362 2963 vitabat.“

384 3005 405 3016 ⁵
520 3018 801 3097 Quorum
825 3015 1285 3099 copulationem
1310 3017 1748 3080 commendans
1770 3015 2125 3081 Victorius:
2147 3016 2361 3095 „Mul-

517 3137 605 3202 tis
647 3143 857 3199 autem
911 3134 1149 3213 modis,
1213 3136 1468 3212 scribit,
1530 3137 1911 3219 perspicitur
1975 3135 2364 3199 coutinentia

520 3255 831 3337 quondam
927 3252 1087 3315 haec
1183 3255 1377 3317 verba
1473 3253 1673 3317 fuisse
1694 3301 1714 3332 ‚
1812 3274 1956 3317 nam
2048 3254 2429 3338 sententia·
2546 3269 2548 3278 ⁴

523 3375 649 3437 hoc
689 3379 879 3456 pacto
923 3373 1189 3463 mirifice
1232 3374 1533 3454 quadrat,
1578 3380 1645 3436 et
1688 3357 1995 3437 contraria
2037 3357 2361 3437 contrariis

522 3492 991 3576 opponuntur.“
1075 3477 1218 3555 Nou
1249 3493 1500 3555 omnino
1529 3498 1726 3569 recte,
1755 3512 1898 3557 uam
1926 3512 2145 3575 equus,
2181 3507 2364 3573 quem

523 3585 740 3675 emunt
781 3609 1067 3687 trossuli,
1121 3609 1294 3673 nullo
1341 3611 1630 3692 epitheto
1674 3617 1964 3689 ornatur,
2023 3612 2148 3675 uisi
2190 3612 2391 3673 forte.

468 3773 471 3780 «
508 3747 726 3822 ⁴sumas
744 3774 763 3806 ,
827 3724 1176 3805 Varronem
1234 3728 1563 3826 addidisse
1617 3730 1950 3793 enunciato
1990 3730 2251 3795 relativo
2290 3724 2355 3789 id
