2605 4426
1192 407 1271 420 ..
1356 365 1441 438 94
1525 408 1600 419 ...

619 558 851 653 ‚Quum
914 562 1238 622 Juniorum
1302 561 1475 623 nullo
1544 561 1929 643 cognomine
1980 561 2313 645 insignium

478 677 648 740 circa
711 685 990 740 extrema
1028 679 1420 760 reipublicae
1475 688 1760 762 tempora
1800 681 1969 742 haud
2013 698 2160 743 raro
2204 683 2315 744 fiat

478 798 750 875 mentio,
805 818 902 859 vv.
950 796 1056 859 dd.
1103 798 1450 861 accuratius
1503 818 1614 861 eos
1658 799 2024 861 describere
2068 801 2312 875 conati,

424 908 435 917 ”
478 917 585 976 uni
628 906 695 977 et
737 916 919 977 alteri
962 914 1308 998 cognomen
1352 917 1700 981 Gracchani
1744 918 2155 995 addiderunt,
2212 924 2312 979 at-

478 1053 602 1113 que
643 1033 713 1095 id
754 1032 988 1095 factum
1034 1054 1176 1097 esse
1218 1036 1361 1097 fere
1404 1036 1606 1097 minus
1651 1036 1878 1113 miror,
1922 1055 2103 1117 quam
2147 1035 2314 1115 quod

421 1202 425 1207 .
477 1170 605 1214 non
646 1152 882 1213 factum
926 1160 1026 1214 est
1067 1150 1339 1234 saepius.
1305 1154 1676 1259 VQuippe
1706 1155 1933 1230 omnia,
1978 1174 2135 1235 quae
2164 1172 2312 1216 con-

473 1272 728 1333 tulimus
774 1271 855 1333 de
896 1273 1021 1334 vita
1060 1273 1231 1335 Junii
1275 1219 1627 1335 Gracchani
1682 1273 1840 1335 adeo
1898 1273 2084 1334 exilia
2135 1280 2312 1351 sunt,

476 1410 634 1469 quae
696 1398 1047 1472 temporum
1111 1389 1355 1452 ratione
1419 1399 1667 1453 servata
1728 1391 1809 1453 ad
1871 1391 2027 1453 alios
2083 1392 2312 1454 multos

475 1507 697 1570 Junios
751 1509 1002 1590 possint
1058 1508 1410 1571 transferri.
1497 1508 1707 1571 Multo
1763 1510 2067 1590 maiorem
2120 1509 2314 1590 igitur

366 1678 373 1685 .
475 1627 738 1689 facessit
780 1647 1064 1710 operam,
1109 1646 1296 1708 quem
1340 1626 1672 1689 divinando
1712 1626 1850 1707 quis
1877 1627 2312 1699 ,Gracchanum

478 1745 667 1821 dixit,
724 1746 1033 1808 tralaticio
1079 1745 1191 1807 illo
1235 1746 1606 1826 cognomine
1660 1746 1919 1821 orbare,
1985 1764 2167 1827 quam
2229 1746 2310 1809 ad
2403 1748 2410 1755 “

477 1865 633 1928 alios
675 1883 1021 1947 propagare
1063 1863 1222 1926 illud
1266 1863 1496 1925 denuo.

648 2102 783 2166 Cic.
824 2121 941 2187 pro
986 2101 1199 2182 Quint.
1245 2098 1309 2165 1.
1354 2102 1422 2178 §-
1464 2099 1574 2165 ἃς
1616 2099 1823 2179 „Illud
1855 2120 2099 2182 quoque
2128 2101 2310 2163 nobis
2419 2120 2424 2133 ¹

472 2221 724 2284 accedit
763 2222 1259 2308 incommodum,
1324 2221 1493 2303 quod
1534 2220 1627 2288 Μ.
1669 2221 1925 2298 sanius,
1989 2221 2096 2302 qui
2146 2222 2309 2283 hanc

474 2359 753 2419 causam,
792 2339 1058 2421 Aquilli,
1109 2341 1446 2422 aliquoties
1488 2341 1653 2424 apud
1694 2347 1761 2403 te
1806 2342 1962 2421 egit,
2004 2339 2197 2403 homo
2239 2345 2314 2402 et

469 2456 537 2519 in
578 2457 719 2519 aliis
762 2458 968 2520 causis
1033 2457 1451 2534 exercitatus,
1518 2463 1585 2518 et
1636 2458 1705 2518 in
1753 2456 1877 2519 hac
1925 2457 2188 2520 multum
2242 2467 2312 2521 et

383 2612 387 2620 ·
466 2594 663 2659 saepe
702 2582 1019 2652 versatae,
1061 2575 1189 2638 hoc
1227 2582 1513 2657 tempore
1542 2576 1753 2652 abest,
1797 2594 1956 2639 nova
1991 2576 2311 2658 legatione

332 2743 337 2746 .
472 2684 882 2776 impeditus.“
965 2673 1298 2757 Ernestius
1340 2694 1407 2754 in
1453 2694 1608 2756 clav.
1652 2693 1789 2756 Cic.
1855 2694 1958 2757 ed.
2017 2714 2076 2757 s.
2119 2691 2312 2796 1⁷39.
2369 2728 2373 2730 Δ

473 2812 557 2876 ad
577 2812 747 2875 hunc
779 2812 990 2875 locum
1012 2833 1033 2875 ε
1076 2806 1537 2890 ‚‚Passeratius‚
1580 2811 1818 2891 inquit,
1862 2812 1945 2874 de
1971 2812 2086 2876 illo
2115 2812 2311 2876 Grac-

474 2932 678 2995 chano
716 2931 902 2993 Junio
955 2932 1441 3011 interpretatur,
1506 2931 1721 2992 nescio
1767 2949 1888 3010 qua
1926 2931 2173 2993 ratione
2213 2931 2310 2993 in-

473 3050 718 3112 ductus.
804 3046 1141 3130 Temporis
1192 3048 1417 3110 saltem
1467 3049 1701 3110 rationi
1756 3066 1884 3110 non
1937 3050 2311 3132 repugnat.“

472 3167 544 3231 In
600 3168 823 3249 quibus
875 3167 972 3228 bis
1023 3164 1222 3229 falsus
1276 3173 1378 3229 est
1427 3185 1486 3229 v.
1531 3165 1594 3253 d.
1658 3164 2055 3230 Passeratius
2111 3167 2311 3245 enim,

472 3307 661 3368 quem
701 3285 874 3348 nullo
915 3284 1080 3347 libro
1125 3284 1372 3360 addito,
1414 3282 1662 3361 citavit,
1705 3283 1826 3346 alia
1866 3303 2127 3365 prorsus
2156 3284 2328 3347 dicit·

475 3405 560 3469 ad
600 3404 733 3469 Cic.
775 3422 896 3488 pro
941 3403 1156 3482 Quint.
1199 3403 1268 3464 in
1312 3401 2022 3480 ed.(}raev.x„1-1unc
2061 3401 2155 3466 Μ.
2199 3403 2312 3465 Ju-

476 3524 648 3586 nium
692 3523 916 3586 Cicero
959 3523 1068 3586 111.
1114 3523 1197 3585 de
1224 3520 1474 3602 legibus
1503 3521 1786 3584 sodalem
1813 3539 1991 3584 suum
2016 3519 2315 3603 appellat,

479 3644 587 3724 qui
627 3643 967 3724 scripserat
1024 3640 1104 3704 ad
1166 3644 1411 3722 patrem
1474 3658 1654 3726 suum
1716 3640 1801 3703 de
1861 3645 2182 3723 potestate
2243 3657 2314 3723 et

477 3763 617 3842 iure
677 3760 1212 3854 magistratuum.“
1297 3757 1480 3822 hiem
1542 3773 1692 3823 vcro
1732 3757 2127 3822 Passeratius
2168 3757 2314 3838 quia
