2605 4426
1408 391 1464 403 ι,

1217 390 1642 454 -so-

510 550 638 639 erit
688 577 1004 657 quaestio,
1065 560 1357 660 possitne
1400 580 1648 640 nomine
1694 577 2041 639 Gracchani
2085 576 2352 638 indicari

511 696 791 760 conditio
856 698 1173 774 libertini,
1239 718 1356 779 qua
1411 698 1491 760 de
1548 718 1621 759 re
1684 698 1978 759 videntur
2038 696 2352 777 cogitasse

508 815 585 891 ii,
630 815 735 895 qui
777 812 919 875 Gaii
957 832 1339 895 praenomen
1365 813 1551 875 Junio
1581 814 1957 876 tribuerunt.
2004 811 2075 873 In
2105 811 2352 873 libertis

511 940 751 1009 autem,
817 950 1077 1012 quorum
1141 933 1392 995 nomina
1454 933 1729 994 nondum
1784 952 1860 994 ea
1918 951 2037 1012 qna
2083 950 2198 1012 par
2251 937 2354 990 est

513 1049 838 1132 diligentia
879 1049 1229 1129 conquisita
1271 1055 1418 1111 sunt
1444 1055 1528 1113 'et
1570 1049 1910 1125 illustrata,
1964 1067 2101 1110 eam
2142 1047 2354 1137 legem

510 1169 861 1233 obtinuisse
918 1167 1234 1245 videmus,
1299 1175 1372 1229 ut
1424 1175 1529 1230 aut
1584 1168 1724 1229 heri
1767 1173 1836 1229 et
1877 1164 2351 1239 manumissoris

511 1288 894 1367 praenomen
937 1293 1003 1348 et
1051 1260 1433 1367 gentilicium
1488 1306 1718 1348 nomen
1768 1291 2175 1367 usurparent,
2236 1282 2354 1344 ad-

497 1403 679 1484 jecto
723 1386 846 1465 alio
888 1402 1290 1491 cognomine,
1338 1409 1444 1463 aut
1484 1421 1867 1484 praenomen
1903 1407 1969 1463 et
2001 1420 2356 1482 cognomen

491 1521 845 1583 induerent
858 1567 875 1597 ‚
915 1528 1158 1583 mutato
1187 1522 1480 1583 ‘nomine‘s
1499 1522 1840 1602 gentilicio·
1865 1519 2158 1583 in-ianus.
2247 1518 2354 1583 of.

514 1640 829 1706 Creuzer..
861 1641 1004 1703 Ant.
1048 1641 1229 1702 Rom.
1275 1663 1339 1723 p.
1391 1638 1497 1704 79.
1552 1661 1647 1722 sq.
1702 1641 2051 1722 Goettling.
2093 1640 2137 1701 l.
2184 1659 2240 1700 c.
2284 1661 2352 1720 p.

510 1756 661 1820 142.
747 1759 1031 1821 Morhof.
1087 1761 1169 1821 de
1220 1758 1503 1822 Patavin.
1564 1758 1699 1821 Liv.
1755 1781 1818 1841 p.
1862 1757 1969 1821 66.
2031 1759 2132 1820 ed.
2180 1758 2358 1820 Stat-

513 1876 688 1956 gard.
735 1877 969 1940 Osann.
1001 1878 1182 1941 Anal.
1211 1879 1355 1941 crit.
1384 1899 1449 1960 p.
1476 1875 1585 1941 21.
1639 1878 1925 1959 Utroque
1953 1878 2097 1939 loco
2128 1876 2358 1937 mansit

513 1996 844 2076 vestigium
888 2016 1082 2058 nexus
1127 1998 1454 2078 gentilicii.
1509 1968 1746 2061 Verum
1800 1998 1868 2075 in
1917 1996 2104 2058 Junio
2160 1994 2355 2055 Grac-

514 2112 712 2173 chano
755 2130 881 2173 non
912 2113 1116 2175 solum
1147 2113 1333 2175 deest
1364 2112 1772 2196 Semproniae
1800 2111 2007 2194 gentis
2033 2112 2358 2187 indicium,

514 2232 632 2294 sed
672 2233 858 2295 adest
894 2239 1110 2297 contra
1138 2234 1362 2297 Juniae
1396 2234 1600 2316 gentis
1634 2234 1865 2296 clarum
1899 2233 2350 2295 testimonium.
2433 2257 2436 2258 ⁷

513 2348 763 2410 Junium
806 2349 977 2412 enim
1016 2369 1166 2413 cave
1202 2369 1283 2412 ne
1317 2331 1703 2432 praenomen
1737 2351 2047 2432 accipias,
2083 2350 2189 2431 qui
2223 2351 2358 2430 qni-

516 2466 661 2528 dem
724 2486 861 2529 mos
925 2469 1039 2531 sub
1108 2468 1483 2531 Caesaribus
1546 2457 1816 2531 demum=
1860 2468 2138 2530 invaluit.
2245 2462 2392 2532 Cf.

517 2585 880 2667 Gannegiet.
945 2588 1027 2649 de
1090 2594 1244 2650 mut.
1311 2605 1364 2649 s.
1433 2587 1633 2669 princ.
1700 2605 1930 2650 nomm.
1994 2593 2111 2648 rat.
2165 2607 2227 2669 p.
2275 2561 2352 2648 '6.

517 2703 864 2788 Goettling.
908 2705 954 2769 l.
1000 2726 1056 2772 c.
1098 2727 1163 2789 p.
1206 2704 1315 2768 67.
1360 2727 1416 2768 a.
1458 2704 1523 2769 8.

683 2821 782 2900 Ex
821 2820 1006 2908 Junia
1055 2828 1244 2904 gente
1309 2841 1498 2902 quum
1561 2829 1958 2904 compertum·
2010 2774 2361 2887 habeamus
2380 2819 2384 2823 ’

516 2937 950 3001 Gracchanum
991 2940 1220 3019 fuisse,
1264 2960 1391 3012 non
1434 2960 1960 3023 supervacaneum
2003 2941 2128 3003 erit
2165 2961 2353 3023 quae-

514 3077 689 3135 rere,
734 3078 920 3139 quem
961 3059 1074 3121 illa
1114 3061 1182 3122 in
1224 3060 1479 3122 civitate
1500 3060 1779 3133 Romana
1804 3060 2012 3121 locum
2055 3061 2352 3125 tenuerit.

515 3175 612 3240 De
651 3178 837 3260 hujus
880 3181 1086 3261 gentis
1139 3180 1384 3262 origine
1450 3186 1516 3241 et
1577 3178 1942 3262 primordiis
1987 3179 2123 3260 jam
2183 3180 2356 3241 inter

514 3295 805 3380 antiquos
850 3298 1096 3361 diversa
1135 3299 1302 3362 fama
1341 3299 1628 3382 ¹obtinuit
1645 3344 1661 3375 ,
1723 3317 1929 3379 neque
1977 3297 2354 3360 recentiori·

516 3415 634 3477 bns
677 3417 990 3478 convenit.
1075 3414 1135 3477 N
1137 3414 1427 3478 iebuhrio
1470 3416 1665 3478 multa
1705 3415 2046 3497 sagacitate
2091 3421 2353 3477 conten-

515 3514 692 3596 denti
735 3554 772 3596 e
814 3536 1007 3615 plebe
1048 3534 1249 3598 fuisse
1289 3534 1368 3599 L.
1421 3534 1673 3598 Junium
1722 3534 2021 3612 Brutum,
2082 3535 2354 3617 primum

515 3652 870 3727 consulem,
928 3651 1287 3733 refragatur
1334 3651 1521 3714 Dion.
1576 3650 1722 3714 I-Ial.
1766 3643 1861 3729 V,
1932 3648 2042 3714 68.
2087 3671 2155 3732 p.
2194 3646 2350 3713 888.

513 3767 592 3832 Τ.
657 3768 721 3832 2.
781 3771 896 3832 ed.‘
943 3770 1156 3834 Reisk.
1225 3778 1293 3834 et
1358 3772 1636 3836 oblocuti
1700 3777 1847 3869 sunt
1910 3769 2228 3852 Schlegel.
2285 3769 2354 3830 in
