<?xml version="1.0" encoding="UTF-8"?>
<!DOCTYPE html PUBLIC "-//W3C//DTD XHTML 1.0 Transitional//EN"
    "http://www.w3.org/TR/xhtml1/DTD/xhtml1-transitional.dtd">
<html xmlns="http://www.w3.org/1999/xhtml" xml:lang="en" lang="en">
 <head>
  <title>
</title>
<meta http-equiv="Content-Type" content="text/html;charset=utf-8" />
  <meta name='ocr-system' content='tesseract 3.04.00' />
  <meta name='ocr-capabilities' content='ocr_page ocr_carea ocr_par ocr_line ocrx_word'/>
</head>
<body>
  <div class='ocr_page' id='page_1' title='image "./dejuniogracchan00mercgoog_0039.png"; bbox 0 0 2605 4426; ppageno 0'>
   <div class='ocr_carea' id='block_1_1' title="bbox 1019 376 1505 445">
    <p class='ocr_par' dir='ltr' id='par_1_1' title="bbox 1019 376 1505 445">
     <span class='ocr_line' id='line_1_1' title="bbox 1019 376 1505 445; baseline -0.004 -18"><span class='ocrx_word' id='word_1_1' title='bbox 1019 376 1505 445; x_wconf 68' lang='lat'><strong>-25---</strong></span> 
     </span>
    </p>
   </div>
   <div class='ocr_carea' id='block_1_2' title="bbox 309 566 2145 650">
    <p class='ocr_par' dir='ltr' id='par_1_2' title="bbox 309 566 2145 650">
     <span class='ocr_line' id='line_1_2' title="bbox 309 566 2145 650; baseline 0.001 -18"><span class='ocrx_word' id='word_1_2' title='bbox 309 571 393 632; x_wconf 86' lang='lat' dir='ltr'><strong>ad</strong></span> <span class='ocrx_word' id='word_1_3' title='bbox 433 566 570 632; x_wconf 89' lang='lat' dir='ltr'><strong>Cic.</strong></span> <span class='ocrx_word' id='word_1_4' title='bbox 615 567 697 632; x_wconf 88' lang='lat' dir='ltr'><strong>de</strong></span> <span class='ocrx_word' id='word_1_5' title='bbox 737 571 861 650; x_wconf 84' lang='lat' dir='ltr'><strong>leg.</strong></span> <span class='ocrx_word' id='word_1_6' title='bbox 904 567 1006 645; x_wconf 87' lang='lat'><strong>111,</strong></span> <span class='ocrx_word' id='word_1_7' title='bbox 1047 567 1152 632; x_wconf 90' lang='grc'><strong>20.</strong></span> <span class='ocrx_word' id='word_1_8' title='bbox 1197 570 1447 631; x_wconf 86' lang='lat' dir='ltr'><strong>Juninm</strong></span> <span class='ocrx_word' id='word_1_9' title='bbox 1493 570 1670 632; x_wconf 88' lang='lat' dir='ltr'><strong>illum</strong></span> <span class='ocrx_word' id='word_1_10' title='bbox 1719 571 2145 633; x_wconf 78' lang='lat' dir='ltr'><strong>Gracchanum</strong></span> 
     </span>
    </p>
   </div>
   <div class='ocr_carea' id='block_1_3' title="bbox 311 688 2270 769">
    <p class='ocr_par' dir='ltr' id='par_1_3' title="bbox 311 688 2270 769">
     <span class='ocr_line' id='line_1_3' title="bbox 311 688 2270 769; baseline -0.001 -19"><span class='ocrx_word' id='word_1_11' title='bbox 311 708 488 765; x_wconf 83' lang='lat' dir='ltr'><strong>esse,</strong></span> <span class='ocrx_word' id='word_1_12' title='bbox 531 707 736 769; x_wconf 87' lang='lat' dir='ltr'><strong>neque</strong></span> <span class='ocrx_word' id='word_1_13' title='bbox 775 688 1090 769; x_wconf 77' lang='lat' dir='ltr'><strong>probavit,</strong></span> <span class='ocrx_word' id='word_1_14' title='bbox 1134 707 1337 767; x_wconf 90' lang='lat' dir='ltr'><strong>neque</strong></span> <span class='ocrx_word' id='word_1_15' title='bbox 1379 688 1651 750; x_wconf 84' lang='lat' dir='ltr'><strong>fortasse</strong></span> <span class='ocrx_word' id='word_1_16' title='bbox 1695 689 1759 750; x_wconf 89' lang='lat' dir='ltr'><strong>in</strong></span> <span class='ocrx_word' id='word_1_17' title='bbox 1802 691 2007 750; x_wconf 89' lang='lat' dir='ltr'><strong>animo</strong></span> <span class='ocrx_word' id='word_1_18' title='bbox 2037 691 2147 750; x_wconf 86' lang='lat' dir='ltr'><strong>ha-</strong></span> <span class='ocrx_word' id='word_1_19' title='bbox 2265 702 2270 709; x_wconf 57' lang='lat'><em>¹</em></span> 
     </span>
    </p>
   </div>
   <div class='ocr_carea' id='block_1_4' title="bbox 256 804 2194 2195">
    <p class='ocr_par' dir='ltr' id='par_1_4' title="bbox 256 804 2194 2195">
     <span class='ocr_line' id='line_1_4' title="bbox 305 804 2145 888; baseline -0.002 -18"><span class='ocrx_word' id='word_1_20' title='bbox 305 807 448 870; x_wconf 86' lang='lat' dir='ltr'><strong>buit</strong></span> <span class='ocrx_word' id='word_1_21' title='bbox 472 808 936 883; x_wconf 87' lang='lat' dir='ltr'><strong>demonstrare,</strong></span> <span class='ocrx_word' id='word_1_22' title='bbox 979 807 1092 867; x_wconf 89' lang='lat' dir='ltr'><strong>sed</strong></span> <span class='ocrx_word' id='word_1_23' title='bbox 1126 804 1533 888; x_wconf 86' lang='lat' dir='ltr'><strong>conjecerunt</strong></span> <span class='ocrx_word' id='word_1_24' title='bbox 1560 808 1626 869; x_wconf 89' lang='lat' dir='ltr'><strong>id</strong></span> <span class='ocrx_word' id='word_1_25' title='bbox 1655 808 1790 881; x_wconf 88' lang='lat' dir='ltr'><strong>alii,</strong></span> <span class='ocrx_word' id='word_1_26' title='bbox 1834 808 2145 868; x_wconf 90' lang='lat' dir='ltr'><strong>immerito</strong></span> 
     </span>
     <span class='ocr_line' id='line_1_5' title="bbox 256 923 2146 1011; baseline 0 -25"><span class='ocrx_word' id='word_1_27' title='bbox 256 961 263 965; x_wconf 94' lang='lat'>-</span> <span class='ocrx_word' id='word_1_28' title='bbox 312 927 453 1006; x_wconf 80' lang='lat' dir='ltr'><strong>ejus</strong></span> <span class='ocrx_word' id='word_1_29' title='bbox 492 926 590 987; x_wconf 91' lang='lat' dir='ltr'><strong>rei</strong></span> <span class='ocrx_word' id='word_1_30' title='bbox 632 931 852 986; x_wconf 78' lang='lat' dir='ltr'><strong>auctor</strong></span> <span class='ocrx_word' id='word_1_31' title='bbox 893 932 1149 1011; x_wconf 83' lang='lat' dir='ltr'><strong>vocatur</strong></span> <span class='ocrx_word' id='word_1_32' title='bbox 1187 926 1509 988; x_wconf 85' lang='lat' dir='ltr'><strong>Ernestio.</strong></span> <span class='ocrx_word' id='word_1_33' title='bbox 1594 923 1742 987; x_wconf 82' lang='lat' dir='ltr'><strong>Alio</strong></span> <span class='ocrx_word' id='word_1_34' title='bbox 1760 934 1977 988; x_wconf 77' lang='lat' dir='ltr'><strong>autem</strong></span> <span class='ocrx_word' id='word_1_35' title='bbox 2004 926 2146 987; x_wconf 90' lang='lat' dir='ltr'><strong>loco</strong></span> 
     </span>
     <span class='ocr_line' id='line_1_6' title="bbox 305 1043 2149 1125; baseline 0 -20"><span class='ocrx_word' id='word_1_36' title='bbox 305 1046 475 1105; x_wconf 73' lang='lat' dir='ltr'><strong>hanc</strong></span> <span class='ocrx_word' id='word_1_37' title='bbox 517 1043 893 1106; x_wconf 88' lang='lat' dir='ltr'><strong>ententiam</strong></span> <span class='ocrx_word' id='word_1_38' title='bbox 936 1046 1011 1105; x_wconf 88' lang='lat' dir='ltr'><strong>ab</strong></span> <span class='ocrx_word' id='word_1_39' title='bbox 1055 1063 1134 1105; x_wconf 90' lang='lat' dir='ltr'><strong>eo</strong></span> <span class='ocrx_word' id='word_1_40' title='bbox 1179 1064 1323 1106; x_wconf 89' lang='lat' dir='ltr'><strong>esse</strong></span> <span class='ocrx_word' id='word_1_41' title='bbox 1366 1046 1671 1125; x_wconf 84' lang='lat' dir='ltr'><strong>prolatam</strong></span> <span class='ocrx_word' id='word_1_42' title='bbox 1711 1064 1794 1106; x_wconf 89' lang='lat' dir='ltr'><strong>ne</strong></span> <span class='ocrx_word' id='word_1_43' title='bbox 1823 1044 2149 1106; x_wconf 82' lang='lat' dir='ltr'><strong>credamus</strong></span> 
     </span>
     <span class='ocr_line' id='line_1_7' title="bbox 310 1161 2150 1245; baseline -0.001 -21"><span class='ocrx_word' id='word_1_44' title='bbox 310 1170 487 1225; x_wconf 77' lang='lat' dir='ltr'><strong>vetat</strong></span> <span class='ocrx_word' id='word_1_45' title='bbox 547 1162 752 1245; x_wconf 86' lang='lat' dir='ltr'><strong>praef.</strong></span> <span class='ocrx_word' id='word_1_46' title='bbox 805 1163 1074 1224; x_wconf 81' lang='lat' dir='ltr'><strong>Graevii.</strong></span> <span class='ocrx_word' id='word_1_47' title='bbox 1134 1185 1196 1244; x_wconf 86' lang='lat' dir='ltr'><strong>p.</strong></span> <span class='ocrx_word' id='word_1_48' title='bbox 1239 1161 1346 1226; x_wconf 87' lang='lat'><strong>18.</strong></span> <span class='ocrx_word' id='word_1_49' title='bbox 1376 1184 1421 1222; x_wconf 84' lang='lat'><strong>:-</strong></span> <span class='ocrx_word' id='word_1_50' title='bbox 1459 1163 1758 1243; x_wconf 81' lang='lat' dir='ltr'><strong>„Accipis</strong></span> <span class='ocrx_word' id='word_1_51' title='bbox 1825 1163 2015 1224; x_wconf 88' lang='lat' dir='ltr'><strong>etiam</strong></span> <span class='ocrx_word' id='word_1_52' title='bbox 2074 1181 2150 1223; x_wconf 81' lang='lat' dir='ltr'><strong>ex</strong></span> 
     </span>
     <span class='ocr_line' id='line_1_8' title="bbox 307 1252 2147 1360; baseline -0.002 -17"><span class='ocrx_word' id='word_1_53' title='bbox 307 1283 572 1344; x_wconf 80' lang='lat' dir='ltr'><strong>Joannis</strong></span> <span class='ocrx_word' id='word_1_54' title='bbox 593 1252 971 1358; x_wconf 80' lang='lat' dir='ltr'><strong>Passeratii,</strong></span> <span class='ocrx_word' id='word_1_55' title='bbox 996 1281 1290 1343; x_wconf 89' lang='lat' dir='ltr'><strong>Doctoris</strong></span> <span class='ocrx_word' id='word_1_56' title='bbox 1332 1282 1514 1360; x_wconf 84' lang='lat' dir='ltr'><strong>Regii</strong></span> <span class='ocrx_word' id='word_1_57' title='bbox 1554 1280 1929 1346; x_wconf 87' lang='lat' dir='ltr'><strong>Parisiensis</strong></span> <span class='ocrx_word' id='word_1_58' title='bbox 1970 1280 2147 1341; x_wconf 89' lang='lat' dir='ltr'><strong>nobi-</strong></span> 
     </span>
     <span class='ocr_line' id='line_1_9' title="bbox 311 1383 2150 1482; baseline -0.002 -20"><span class='ocrx_word' id='word_1_59' title='bbox 311 1401 540 1463; x_wconf 81' lang='lat' dir='ltr'><strong>lissimi</strong></span> <span class='ocrx_word' id='word_1_60' title='bbox 580 1407 647 1462; x_wconf 89' lang='lat' dir='ltr'><strong>et</strong></span> <span class='ocrx_word' id='word_1_61' title='bbox 687 1400 890 1480; x_wconf 86' lang='lat' dir='ltr'><strong>magni</strong></span> <span class='ocrx_word' id='word_1_62' title='bbox 930 1383 1201 1461; x_wconf 72' lang='lat' dir='ltr'><strong>nominis</strong></span> <span class='ocrx_word' id='word_1_63' title='bbox 1247 1400 1779 1482; x_wconf 81' lang='lat' dir='ltr'><strong>disputationibus</strong></span> <span class='ocrx_word' id='word_1_64' title='bbox 1822 1399 2150 1461; x_wconf 82' lang='lat' dir='ltr'><strong>Academi-</strong></span> 
     </span>
     <span class='ocr_line' id='line_1_10' title="bbox 317 1492 2152 1600; baseline 0 -20"><span class='ocrx_word' id='word_1_65' title='bbox 317 1520 413 1581; x_wconf 81' lang='lat' dir='ltr'><strong>cis</strong></span> <span class='ocrx_word' id='word_1_66' title='bbox 456 1538 639 1580; x_wconf 88' lang='lat' dir='ltr'><strong>manu</strong></span> <span class='ocrx_word' id='word_1_67' title='bbox 669 1519 938 1581; x_wconf 85' lang='lat' dir='ltr'><strong>exaratis</strong></span> <span class='ocrx_word' id='word_1_68' title='bbox 969 1526 1262 1600; x_wconf 84' lang='lat' dir='ltr'><strong>excerpta</strong></span> <span class='ocrx_word' id='word_1_69' title='bbox 1288 1492 1355 1579; x_wconf 84' lang='lat' dir='ltr'><strong>in</strong></span> <span class='ocrx_word' id='word_1_70' title='bbox 1385 1519 1703 1580; x_wconf 78' lang='lat' dir='ltr'><strong>orationes</strong></span> <span class='ocrx_word' id='word_1_71' title='bbox 1732 1538 1846 1600; x_wconf 86' lang='lat' dir='ltr'><strong>pro</strong></span> <span class='ocrx_word' id='word_1_72' title='bbox 1877 1519 2152 1596; x_wconf 77' lang='lat' dir='ltr'><strong>Quintio,</strong></span> 
     </span>
     <span class='ocr_line' id='line_1_11' title="bbox 316 1628 2194 1719; baseline 0 -21"><span class='ocrx_word' id='word_1_73' title='bbox 316 1657 438 1719; x_wconf 85' lang='lat' dir='ltr'><strong>pro</strong></span> <span class='ocrx_word' id='word_1_74' title='bbox 476 1637 710 1701; x_wconf 88' lang='lat' dir='ltr'><strong>Roscio</strong></span> <span class='ocrx_word' id='word_1_75' title='bbox 751 1636 1077 1713; x_wconf 88' lang='lat' dir='ltr'><strong>Amerino,</strong></span> <span class='ocrx_word' id='word_1_76' title='bbox 1128 1656 1253 1719; x_wconf 86' lang='lat' dir='ltr'><strong>pro</strong></span> <span class='ocrx_word' id='word_1_77' title='bbox 1312 1628 1611 1714; x_wconf 83' lang='lat' dir='ltr'><strong>Caecina,</strong></span> <span class='ocrx_word' id='word_1_78' title='bbox 1676 1656 1792 1717; x_wconf 88' lang='lat' dir='ltr'><strong>pro</strong></span> <span class='ocrx_word' id='word_1_79' title='bbox 1855 1637 2194 1713; x_wconf 86' lang='lat' dir='ltr'><strong>Murena,·</strong></span> 
     </span>
     <span class='ocr_line' id='line_1_12' title="bbox 313 1753 2152 1839; baseline 0.001 -22"><span class='ocrx_word' id='word_1_80' title='bbox 313 1774 438 1838; x_wconf 83' lang='lat' dir='ltr'><strong>pro</strong></span> <span class='ocrx_word' id='word_1_81' title='bbox 481 1756 734 1834; x_wconf 87' lang='lat' dir='ltr'><strong>Flacco,</strong></span> <span class='ocrx_word' id='word_1_82' title='bbox 797 1775 915 1839; x_wconf 90' lang='lat' dir='ltr'><strong>pro</strong></span> <span class='ocrx_word' id='word_1_83' title='bbox 971 1754 1206 1816; x_wconf 82' lang='lat' dir='ltr'><strong>Archia</strong></span> <span class='ocrx_word' id='word_1_84' title='bbox 1255 1762 1323 1817; x_wconf 92' lang='lat' dir='ltr'><strong>et</strong></span> <span class='ocrx_word' id='word_1_85' title='bbox 1372 1757 1439 1817; x_wconf 90' lang='lat' dir='ltr'><strong>in</strong></span> <span class='ocrx_word' id='word_1_86' title='bbox 1492 1753 1826 1818; x_wconf 85' lang='lat' dir='ltr'><strong>Vatinium.</strong></span> <span class='ocrx_word' id='word_1_87' title='bbox 1912 1756 2009 1817; x_wconf 83' lang='lat' dir='ltr'><strong>Ex</strong></span> <span class='ocrx_word' id='word_1_88' title='bbox 2049 1756 2152 1819; x_wconf 87' lang='lat' dir='ltr'><strong>his</strong></span> 
     </span>
     <span class='ocr_line' id='line_1_13' title="bbox 318 1860 2152 1957; baseline 0.001 -20"><span class='ocrx_word' id='word_1_89' title='bbox 318 1895 400 1937; x_wconf 87' lang='lat' dir='ltr'><strong>ea</strong></span> <span class='ocrx_word' id='word_1_90' title='bbox 451 1881 689 1937; x_wconf 84' lang='lat' dir='ltr'><strong>tantum</strong></span> <span class='ocrx_word' id='word_1_91' title='bbox 744 1875 975 1957; x_wconf 82' lang='lat' dir='ltr'><strong>selegi,</strong></span> <span class='ocrx_word' id='word_1_92' title='bbox 1038 1860 1197 1955; x_wconf 87' lang='lat' dir='ltr'><strong>quae</strong></span> <span class='ocrx_word' id='word_1_93' title='bbox 1239 1873 1557 1937; x_wconf 86' lang='lat' dir='ltr'><strong>faciebant</strong></span> <span class='ocrx_word' id='word_1_94' title='bbox 1598 1874 1678 1935; x_wconf 88' lang='lat' dir='ltr'><strong>ad</strong></span> <span class='ocrx_word' id='word_1_95' title='bbox 1720 1873 2152 1938; x_wconf 87' lang='lat' dir='ltr'><strong>illustrandum</strong></span> 
     </span>
     <span class='ocr_line' id='line_1_14' title="bbox 317 1984 2161 2071; baseline 0.001 -16"><span class='ocrx_word' id='word_1_96' title='bbox 317 1990 736 2071; x_wconf 81' lang='lat' dir='ltr'><strong>Ciceronem,</strong></span> <span class='ocrx_word' id='word_1_97' title='bbox 799 1984 908 2056; x_wconf 83' lang='lat' dir='ltr'><strong>aut</strong></span> <span class='ocrx_word' id='word_1_98' title='bbox 968 1991 1177 2055; x_wconf 89' lang='lat' dir='ltr'><strong>Latini</strong></span> <span class='ocrx_word' id='word_1_99' title='bbox 1239 1994 1549 2054; x_wconf 89' lang='lat' dir='ltr'><strong>sermonis</strong></span> <span class='ocrx_word' id='word_1_100' title='bbox 1615 1994 2028 2056; x_wconf 86' lang='lat' dir='ltr'><strong>subtilitatem</strong></span> <span class='ocrx_word' id='word_1_101' title='bbox 2091 2003 2161 2057; x_wconf 86' lang='lat' dir='ltr'><strong>et</strong></span> 
     </span>
     <span class='ocr_line' id='line_1_15' title="bbox 317 2111 2154 2195; baseline 0.001 -21"><span class='ocrx_word' id='word_1_102' title='bbox 317 2111 723 2192; x_wconf 82' lang='lat' dir='ltr'><strong>elegantiam,</strong></span> <span class='ocrx_word' id='word_1_103' title='bbox 786 2111 964 2193; x_wconf 83' lang='lat' dir='ltr'><strong>cujus</strong></span> <span class='ocrx_word' id='word_1_104' title='bbox 1009 2117 1147 2174; x_wconf 91' lang='lat' dir='ltr'><strong>erat</strong></span> <span class='ocrx_word' id='word_1_105' title='bbox 1184 2111 1604 2193; x_wconf 80' lang='lat' dir='ltr'><strong>peritissimus</strong></span> <span class='ocrx_word' id='word_1_106' title='bbox 1621 2157 1639 2188; x_wconf 94' lang='lat'><strong>,</strong></span> <span class='ocrx_word' id='word_1_107' title='bbox 1705 2112 2154 2195; x_wconf 80' lang='lat' dir='ltr'><strong>explicandam.</strong></span> 
     </span>
    </p>
   </div>
   <div class='ocr_carea' id='block_1_5' title="bbox 212 2230 2158 2313">
    <p class='ocr_par' dir='ltr' id='par_1_5' title="bbox 212 2230 2158 2313">
     <span class='ocr_line' id='line_1_16' title="bbox 212 2230 2158 2313; baseline 0.002 -21"><span class='ocrx_word' id='word_1_108' title='bbox 212 2299 223 2304; x_wconf 27' lang='lat'><strong><em>⁴</em></strong></span> <span class='ocrx_word' id='word_1_109' title='bbox 315 2230 586 2312; x_wconf 83' lang='lat' dir='ltr'><strong>Reliqua</strong></span> <span class='ocrx_word' id='word_1_110' title='bbox 639 2251 801 2313; x_wconf 81' lang='lat' dir='ltr'><strong>quae</strong></span> <span class='ocrx_word' id='word_1_111' title='bbox 861 2230 1113 2312; x_wconf 86' lang='lat' dir='ltr'><strong>quidem</strong></span> <span class='ocrx_word' id='word_1_112' title='bbox 1174 2231 1353 2293; x_wconf 85' lang='lat' dir='ltr'><strong>utilia</strong></span> <span class='ocrx_word' id='word_1_113' title='bbox 1416 2237 1561 2293; x_wconf 90' lang='lat' dir='ltr'><strong>sunt</strong></span> <span class='ocrx_word' id='word_1_114' title='bbox 1621 2233 1975 2313; x_wconf 84' lang='lat' dir='ltr'><strong>tyronibus,</strong></span> <span class='ocrx_word' id='word_1_115' title='bbox 2040 2234 2158 2295; x_wconf 90' lang='lat' dir='ltr'><strong>sed</strong></span> 
     </span>
    </p>
   </div>
   <div class='ocr_carea' id='block_1_6' title="bbox 317 2350 2161 2787">
    <p class='ocr_par' dir='ltr' id='par_1_6' title="bbox 317 2350 2161 2787">
     <span class='ocr_line' id='line_1_17' title="bbox 321 2350 2158 2430; baseline 0.001 -19"><span class='ocrx_word' id='word_1_116' title='bbox 321 2369 484 2430; x_wconf 88' lang='lat' dir='ltr'><strong>quae</strong></span> <span class='ocrx_word' id='word_1_117' title='bbox 525 2352 591 2412; x_wconf 89' lang='lat' dir='ltr'><strong>in</strong></span> <span class='ocrx_word' id='word_1_118' title='bbox 631 2356 805 2413; x_wconf 85' lang='lat' dir='ltr'><strong>tanta</strong></span> <span class='ocrx_word' id='word_1_119' title='bbox 843 2351 987 2414; x_wconf 91' lang='lat' dir='ltr'><strong>luce</strong></span> <span class='ocrx_word' id='word_1_120' title='bbox 1026 2351 1355 2412; x_wconf 89' lang='lat' dir='ltr'><strong>literarum</strong></span> <span class='ocrx_word' id='word_1_121' title='bbox 1396 2369 1560 2412; x_wconf 87' lang='lat' dir='ltr'><strong>nunc</strong></span> <span class='ocrx_word' id='word_1_122' title='bbox 1604 2352 1709 2413; x_wconf 86' lang='lat' dir='ltr'><strong>edi</strong></span> <span class='ocrx_word' id='word_1_123' title='bbox 1765 2350 1965 2413; x_wconf 88' lang='lat' dir='ltr'><strong>nollet</strong></span> <span class='ocrx_word' id='word_1_124' title='bbox 2006 2369 2158 2413; x_wconf 87' lang='lat' dir='ltr'><strong>sane</strong></span> 
     </span>
     <span class='ocr_line' id='line_1_18' title="bbox 319 2467 2158 2550; baseline 0.001 -19"><span class='ocrx_word' id='word_1_125' title='bbox 319 2467 750 2550; x_wconf 77' lang='lat' dir='ltr'><strong>Passeratius,</strong></span> <span class='ocrx_word' id='word_1_126' title='bbox 816 2469 1064 2531; x_wconf 87' lang='lat' dir='ltr'><strong>omisi.“</strong></span> <span class='ocrx_word' id='word_1_127' title='bbox 1168 2469 1455 2531; x_wconf 83' lang='lat' dir='ltr'><strong>Ernestii</strong></span> <span class='ocrx_word' id='word_1_128' title='bbox 1519 2478 1700 2531; x_wconf 83' lang='lat' dir='ltr'><strong>error</strong></span> <span class='ocrx_word' id='word_1_129' title='bbox 1761 2488 1879 2550; x_wconf 90' lang='lat' dir='ltr'><strong>per</strong></span> <span class='ocrx_word' id='word_1_130' title='bbox 1942 2488 2158 2533; x_wconf 84' lang='lat' dir='ltr'><strong>omnes</strong></span> 
     </span>
     <span class='ocr_line' id='line_1_19' title="bbox 320 2575 2161 2671; baseline 0.001 -22"><span class='ocrx_word' id='word_1_131' title='bbox 320 2587 514 2649; x_wconf 76' lang='lat' dir='ltr'><strong>clavis</strong></span> <span class='ocrx_word' id='word_1_132' title='bbox 576 2575 1026 2656; x_wconf 76' lang='lat' dir='ltr'><strong>Ciceronianae</strong></span> <span class='ocrx_word' id='word_1_133' title='bbox 1089 2588 1406 2652; x_wconf 82' lang='lat' dir='ltr'><strong>editiones</strong></span> <span class='ocrx_word' id='word_1_134' title='bbox 1477 2594 1855 2671; x_wconf 87' lang='lat' dir='ltr'><strong>propagatus</strong></span> <span class='ocrx_word' id='word_1_135' title='bbox 1929 2594 2029 2650; x_wconf 88' lang='lat' dir='ltr'><strong>est</strong></span> <span class='ocrx_word' id='word_1_136' title='bbox 2092 2595 2161 2650; x_wconf 91' lang='lat' dir='ltr'><strong>et</strong></span> 
     </span>
     <span class='ocr_line' id='line_1_20' title="bbox 317 2689 2159 2787; baseline 0.001 -20"><span class='ocrx_word' id='word_1_137' title='bbox 317 2705 584 2787; x_wconf 84' lang='lat' dir='ltr'><strong>irrepsit</strong></span> <span class='ocrx_word' id='word_1_138' title='bbox 623 2707 784 2769; x_wconf 84' lang='lat' dir='ltr'><strong>adeo</strong></span> <span class='ocrx_word' id='word_1_139' title='bbox 838 2707 906 2769; x_wconf 90' lang='lat' dir='ltr'><strong>in</strong></span> <span class='ocrx_word' id='word_1_140' title='bbox 949 2706 1399 2770; x_wconf 80' lang='lat' dir='ltr'><strong>Onomasticon</strong></span> <span class='ocrx_word' id='word_1_141' title='bbox 1442 2705 1796 2770; x_wconf 84' lang='lat' dir='ltr'><strong>Tullianum</strong></span> <span class='ocrx_word' id='word_1_142' title='bbox 1839 2705 2037 2768; x_wconf 82' lang='lat' dir='ltr'><strong>Orell.</strong></span> <span class='ocrx_word' id='word_1_143' title='bbox 2066 2689 2072 2696; x_wconf 39' lang='lat'>⁵</span> <span class='ocrx_word' id='word_1_144' title='bbox 2102 2725 2159 2770; x_wconf 75' lang='grc' dir='ltr'><strong>ν.</strong></span> 
     </span>
    </p>
   </div>
   <div class='ocr_carea' id='block_1_7' title="bbox 320 2822 2267 2909">
    <p class='ocr_par' dir='ltr' id='par_1_7' title="bbox 320 2822 2267 2909">
     <span class='ocr_line' id='line_1_21' title="bbox 320 2822 2267 2909; baseline 0.002 -23"><span class='ocrx_word' id='word_1_145' title='bbox 320 2822 420 2887; x_wconf 80' lang='grc' dir='ltr'><strong>Μ.</strong></span> <span class='ocrx_word' id='word_1_146' title='bbox 460 2825 684 2888; x_wconf 79' lang='lat' dir='ltr'><strong>Junius</strong></span> <span class='ocrx_word' id='word_1_147' title='bbox 729 2824 809 2889; x_wconf 88' lang='lat' dir='ltr'><strong>T.</strong></span> <span class='ocrx_word' id='word_1_148' title='bbox 849 2823 916 2889; x_wconf 89' lang='grc'><strong>2.</strong></span> <span class='ocrx_word' id='word_1_149' title='bbox 968 2848 1035 2909; x_wconf 91' lang='lat' dir='ltr'><strong>p.</strong></span> <span class='ocrx_word' id='word_1_150' title='bbox 1077 2823 1226 2889; x_wconf 72' lang='lat'><strong>316.</strong></span> <span class='ocrx_word' id='word_1_151' title='bbox 1317 2825 1680 2888; x_wconf 85' lang='lat' dir='ltr'><strong>Orationem</strong></span> <span class='ocrx_word' id='word_1_152' title='bbox 1713 2843 1848 2907; x_wconf 63' lang='lat' dir='ltr'><strong>‘pro</strong></span> <span class='ocrx_word' id='word_1_153' title='bbox 1901 2825 2162 2902; x_wconf 77' lang='lat' dir='ltr'><strong>Quintio</strong></span> <span class='ocrx_word' id='word_1_154' title='bbox 2265 2832 2267 2834; x_wconf 75' lang='grc'><strong><em>’</em></strong></span> 
     </span>
    </p>
   </div>
   <div class='ocr_carea' id='block_1_8' title="bbox 323 2940 2161 3023">
    <p class='ocr_par' dir='ltr' id='par_1_8' title="bbox 323 2940 2161 3023">
     <span class='ocr_line' id='line_1_22' title="bbox 323 2940 2161 3023; baseline 0.002 -19"><span class='ocrx_word' id='word_1_155' title='bbox 323 2941 554 3008; x_wconf 71' lang='lat' dir='ltr'><strong>Cicero</strong></span> <span class='ocrx_word' id='word_1_156' title='bbox 595 2943 815 3007; x_wconf 87' lang='lat' dir='ltr'><strong>habuit</strong></span> <span class='ocrx_word' id='word_1_157' title='bbox 858 2965 914 3008; x_wconf 90' lang='lat' dir='ltr'><strong>a.</strong></span> <span class='ocrx_word' id='word_1_158' title='bbox 959 2965 1023 3007; x_wconf 89' lang='lat' dir='ltr'><strong>u.</strong></span> <span class='ocrx_word' id='word_1_159' title='bbox 1071 2964 1129 3010; x_wconf 90' lang='lat' dir='ltr'><strong>c.</strong></span> <span class='ocrx_word' id='word_1_160' title='bbox 1168 2941 1319 3006; x_wconf 83' lang='grc'><strong>672.</strong></span> <span class='ocrx_word' id='word_1_161' title='bbox 1404 2940 1480 3006; x_wconf 87' lang='lat' dir='ltr'><strong>C.</strong></span> <span class='ocrx_word' id='word_1_162' title='bbox 1540 2949 1753 3006; x_wconf 88' lang='lat' dir='ltr'><strong>autem</strong></span> <span class='ocrx_word' id='word_1_163' title='bbox 1812 2943 2161 3023; x_wconf 79' lang='lat' dir='ltr'><strong>Gracchus,</strong></span> 
     </span>
    </p>
   </div>
   <div class='ocr_carea' id='block_1_9' title="bbox 323 3062 2256 3144">
    <p class='ocr_par' dir='ltr' id='par_1_9' title="bbox 323 3062 2256 3144">
     <span class='ocr_line' id='line_1_23' title="bbox 323 3062 2256 3144; baseline -0.001 -19"><span class='ocrx_word' id='word_1_164' title='bbox 323 3063 507 3144; x_wconf 84' lang='lat' dir='ltr'><strong>eujus</strong></span> <span class='ocrx_word' id='word_1_165' title='bbox 570 3062 891 3143; x_wconf 89' lang='lat' dir='ltr'><strong>aequalem</strong></span> <span class='ocrx_word' id='word_1_166' title='bbox 931 3062 1182 3125; x_wconf 86' lang='lat' dir='ltr'><strong>Junium</strong></span> <span class='ocrx_word' id='word_1_167' title='bbox 1236 3062 1667 3126; x_wconf 81' lang='lat' dir='ltr'><strong>Gracchanum</strong></span> <span class='ocrx_word' id='word_1_168' title='bbox 1730 3063 1930 3124; x_wconf 82' lang='lat' dir='ltr'><strong>fuisse</strong></span> <span class='ocrx_word' id='word_1_169' title='bbox 1994 3082 2163 3124; x_wconf 88' lang='lat' dir='ltr'><strong>com·</strong></span> <span class='ocrx_word' id='word_1_170' title='bbox 2253 3081 2256 3084; x_wconf 89' lang='lat'>·</span> 
     </span>
    </p>
   </div>
   <div class='ocr_carea' id='block_1_10' title="bbox 313 3178 2166 3884">
    <p class='ocr_par' dir='ltr' id='par_1_10' title="bbox 313 3178 2166 3884">
     <span class='ocr_line' id='line_1_24' title="bbox 320 3178 2161 3263; baseline -0.001 -20"><span class='ocrx_word' id='word_1_171' title='bbox 320 3182 636 3263; x_wconf 83' lang='lat' dir='ltr'><strong>perimus,</strong></span> <span class='ocrx_word' id='word_1_172' title='bbox 689 3183 1002 3246; x_wconf 88' lang='lat' dir='ltr'><strong>occubuit.</strong></span> <span class='ocrx_word' id='word_1_173' title='bbox 1059 3201 1118 3245; x_wconf 89' lang='lat' dir='ltr'><strong>a.</strong></span> <span class='ocrx_word' id='word_1_174' title='bbox 1164 3202 1227 3244; x_wconf 89' lang='lat' dir='ltr'><strong>u.</strong></span> <span class='ocrx_word' id='word_1_175' title='bbox 1273 3201 1330 3245; x_wconf 89' lang='lat' dir='ltr'><strong>c.</strong></span> <span class='ocrx_word' id='word_1_176' title='bbox 1371 3178 1524 3244; x_wconf 79' lang='lat'><strong>652.</strong></span> <span class='ocrx_word' id='word_1_177' title='bbox 1571 3199 1765 3244; x_wconf 85' lang='lat' dir='ltr'><strong>annos</strong></span> <span class='ocrx_word' id='word_1_178' title='bbox 1822 3186 2002 3243; x_wconf 84' lang='lat' dir='ltr'><strong>natus</strong></span> <span class='ocrx_word' id='word_1_179' title='bbox 2045 3182 2161 3243; x_wconf 88' lang='lat' dir='ltr'><strong>tri-</strong></span> 
     </span>
     <span class='ocr_line' id='line_1_25' title="bbox 321 3298 2162 3383; baseline 0.001 -22"><span class='ocrx_word' id='word_1_180' title='bbox 321 3299 499 3380; x_wconf 80' lang='lat' dir='ltr'><strong>ginta</strong></span> <span class='ocrx_word' id='word_1_181' title='bbox 555 3306 713 3364; x_wconf 77' lang='lat' dir='ltr'><strong>tres.</strong></span> <span class='ocrx_word' id='word_1_182' title='bbox 800 3301 1023 3365; x_wconf 86' lang='lat' dir='ltr'><strong>Junius</strong></span> <span class='ocrx_word' id='word_1_183' title='bbox 1086 3301 1278 3382; x_wconf 86' lang='lat' dir='ltr'><strong>igitur</strong></span> <span class='ocrx_word' id='word_1_184' title='bbox 1338 3300 1569 3363; x_wconf 87' lang='lat' dir='ltr'><strong>fuisset</strong></span> <span class='ocrx_word' id='word_1_185' title='bbox 1622 3298 2162 3383; x_wconf 79' lang='lat' dir='ltr'><strong>septuagenarius,</strong></span> 
     </span>
     <span class='ocr_line' id='line_1_26' title="bbox 313 3394 2164 3501; baseline 0 -22"><span class='ocrx_word' id='word_1_186' title='bbox 313 3435 712 3501; x_wconf 67' lang='lat' dir='ltr'><strong>operamque</strong></span> <span class='ocrx_word' id='word_1_187' title='bbox 750 3394 1041 3498; x_wconf 75' lang='lat' dir='ltr'><strong>dedisset</strong></span> <span class='ocrx_word' id='word_1_188' title='bbox 1088 3415 1278 3483; x_wconf 78' lang='lat' dir='ltr'><strong>rebus</strong></span> <span class='ocrx_word' id='word_1_189' title='bbox 1344 3418 1704 3481; x_wconf 86' lang='lat' dir='ltr'><strong>forensibus</strong></span> <span class='ocrx_word' id='word_1_190' title='bbox 1719 3463 1738 3495; x_wconf 94' lang='lat'><strong>,</strong></span> <span class='ocrx_word' id='word_1_191' title='bbox 1803 3417 2164 3499; x_wconf 84' lang='lat' dir='ltr'><strong>crebrisque</strong></span> 
     </span>
     <span class='ocr_line' id='line_1_27' title="bbox 324 3535 2164 3623; baseline -0.001 -23"><span class='ocrx_word' id='word_1_192' title='bbox 324 3535 515 3600; x_wconf 76' lang='lat' dir='ltr'><strong>simul</strong></span> <span class='ocrx_word' id='word_1_193' title='bbox 540 3544 824 3602; x_wconf 75' lang='lat' dir='ltr'><strong>vacasset</strong></span> <span class='ocrx_word' id='word_1_194' title='bbox 848 3538 1322 3623; x_wconf 67' lang='lat' dir='ltr'><strong>legationibus,</strong></span> <span class='ocrx_word' id='word_1_195' title='bbox 1350 3537 1521 3620; x_wconf 88' lang='lat' dir='ltr'><strong>quod</strong></span> <span class='ocrx_word' id='word_1_196' title='bbox 1544 3556 1765 3619; x_wconf 88' lang='lat' dir='ltr'><strong>parum</strong></span> <span class='ocrx_word' id='word_1_197' title='bbox 1789 3536 1986 3599; x_wconf 89' lang='lat' dir='ltr'><strong>habet</strong></span> <span class='ocrx_word' id='word_1_198' title='bbox 2016 3556 2164 3618; x_wconf 92' lang='lat' dir='ltr'><strong>pro-</strong></span> 
     </span>
     <span class='ocr_line' id='line_1_28' title="bbox 323 3652 2166 3737; baseline -0.001 -19"><span class='ocrx_word' id='word_1_199' title='bbox 323 3654 697 3721; x_wconf 83' lang='lat' dir='ltr'><strong>babilitatis.</strong></span> <span class='ocrx_word' id='word_1_200' title='bbox 782 3652 994 3737; x_wconf 81' lang='lat' dir='ltr'><strong>Atque</strong></span> <span class='ocrx_word' id='word_1_201' title='bbox 1047 3656 1173 3720; x_wconf 87' lang='lat' dir='ltr'><strong>hoc</strong></span> <span class='ocrx_word' id='word_1_202' title='bbox 1223 3661 1559 3720; x_wconf 87' lang='lat' dir='ltr'><strong>senserunt</strong></span> <span class='ocrx_word' id='word_1_203' title='bbox 1609 3661 1754 3718; x_wconf 90' lang='lat' dir='ltr'><strong>ante</strong></span> <span class='ocrx_word' id='word_1_204' title='bbox 1810 3673 1926 3719; x_wconf 90' lang='lat' dir='ltr'><strong>nos</strong></span> <span class='ocrx_word' id='word_1_205' title='bbox 1967 3654 2044 3718; x_wconf 80' lang='lat' dir='ltr'><strong>F.</strong></span> <span class='ocrx_word' id='word_1_206' title='bbox 2089 3655 2166 3717; x_wconf 78' lang='lat' dir='ltr'><strong>G.</strong></span> 
     </span>
     <span class='ocr_line' id='line_1_29' title="bbox 323 3770 2162 3884; baseline -0.002 -48"><span class='ocrx_word' id='word_1_207' title='bbox 323 3771 595 3850; x_wconf 71' lang='lat' dir='ltr'><strong>wolfius</strong></span> <span class='ocrx_word' id='word_1_208' title='bbox 635 3774 848 3850; x_wconf 76' lang='lat' dir='ltr'><strong>(Neue</strong></span> <span class='ocrx_word' id='word_1_209' title='bbox 893 3774 1186 3858; x_wconf 85' lang='lat' dir='ltr'><strong>Sammlg.</strong></span> <span class='ocrx_word' id='word_1_210' title='bbox 1229 3775 1665 3884; x_wconf 65' lang='lat' dir='ltr'><strong>auserlesener</strong></span> <span class='ocrx_word' id='word_1_211' title='bbox 1695 3773 1918 3878; x_wconf 81' lang='lat' dir='ltr'><strong>Reden</strong></span> <span class='ocrx_word' id='word_1_212' title='bbox 1960 3773 2023 3834; x_wconf 86' lang='lat' dir='ltr'><strong>d.</strong></span> <span class='ocrx_word' id='word_1_213' title='bbox 2069 3770 2162 3836; x_wconf 87' lang='grc' dir='ltr'><strong>Μ.</strong></span> 
     </span>
    </p>
   </div>
  </div>
 </body>
</html>
