2605 4426
356 560 540 622 atria.
606 559 854 621 Utinam
901 578 959 620 v.
1006 559 1068 619 d.
1115 558 1366 638 aliquod
1409 558 1862 619 firmamentum
1892 557 2039 619 huic
2068 559 2205 642 opi‘·⁴

358 679 601 740 nationi
663 678 1029 759 paravisset.
1129 673 1218 738 At
1263 676 1645 737 rarissimum
1701 681 1802 737 est
1859 682 2225 758 cognomen

357 795 703 872 Romanis,
769 802 836 857 et
898 795 1172 856 fortasse
1237 794 1492 855 omnino
1558 813 1683 855 non
1727 794 1889 872 fnit,
1952 796 2205 859 unicum

362 913 996 997 quippe-exemplum
1037 913 1398 995 suppeditat
1439 912 1596 995 lapis
1642 913 1895 983 Gruter.
1940 934 2005 994 p.
2049 911 2201 977 987.

358 1054 428 1096 n.
472 1031 579 1095 14.
627 1033 699 1094 C.
743 1031 1153 1093 PAPIRIUS.
1200 1031 1275 1092 Ο.
1321 1031 1396 1092 L.
1445 1029 1812 1094 SODALIS.
1856 1031 2031 1095 SIBI.
2061 1032 2201 1097 ΕΤ.

234 1191 247 1198 ·
329 1150 755 1240 ELONIAE.
797 1150 1204 1214 MVRRIAE.
1249 1148 1534 1212 UXORI.
1578 1148 1659 1213 V.
1688 1149 1767 1213 V.
1823 1152 1961 1229 Quo
1993 1159 2205 1214 autem

344 1272 503 1357 jure
546 1269 782 1333 ordinis
827 1270 1139 1351 equestris
1183 1289 1327 1330 esse
1368 1269 1575 1351 possit
1615 1270 1988 1351 significatio
2014 1317 2032 1347 ,
2075 1291 2205 1333 non

354 1387 568 1449 video.
656 1385 987 1449 Turnebus
1040 1410 1103 1469 p.
1145 1385 1293 1450 744.
1349 1389 1540 1450 haec:
1605 1389 1770 1466 „Cui
1812 1390 2203 1469 familiaritas

359 1514 435 1569 et
495 1505 796 1569 sodalitas
864 1526 1002 1568 cum
1045 1506 1244 1569 Attici
1307 1513 1489 1588 patre
1530 1507 2011 1586 intercedebat,
2081 1510 2206 1573 nisi

358 1625 504 1705 quis
548 1624 825 1687 sodalem
872 1623 998 1685 dici
1039 1630 1219 1705 putat
1257 1605 1520 1706 propter
1547 1625 1880 1707 amicitiam
1908 1628 2202 1691 Gracchi.

355 1742 526 1804 lllud
550 1743 819 1805 alterum
844 1742 1053 1804 verius
1080 1742 1304 1824 puto.“
1357 1742 1701 1825 Wagnerus
1724 1751 1942 1806 contra
1960 1766 2024 1826 p.
2040 1743 2203 1814 184·

355 1861 658 1939 „Sodalis
700 1867 990 1942 tanquam
1014 1860 1453 1943 appellativum
1476 1862 1557 1923 ad
1583 1863 1976 1925 sodalitatem
2004 1865 2204 1947 patris
2241 1845 2243 1848 ,

355 1976 565 2041 Attici
627 1955 958 2041 commode
1019 1978 1255 2041 referri
1313 1998 1440 2043 non
1501 1988 1716 2063 potest
1730 2004 1764 2061 3x
1804 1982 1993 2064 adjici
2036 1984 2203 2051 enim

356 2089 637 2160 debebat
677 2098 855 2180 ejus:
920 2098 1036 2160 sed
1097 2105 1382 2179 propter>
1417 2100 1754 2163 amicitiam
1801 2101 2091 2179 Gracchi,
2133 2109 2205 2175 ut

356 2216 803 2295 Gracchanus,
845 2217 938 2280 ita
979 2217 1058 2279 ab
1102 2216 1242 2280 aliis
1283 2217 1551 2295 sodalis,
1606 2238 1765 2281 novo
1811 2223 2202 2303 cognomine,
2302 2202 2304 2204 ,

356 2341 436 2398 ut
476 2355 685 2420 saepe,
728 2355 808 2399 ex
850 2336 1113 2408 fortuita
1152 2356 1248 2413 re,
1298 2337 1486 2398 ctiam
1528 2337 1799 2410 invidiae
1843 2337 2047 2417 causa,
2091 2341 2204 2403 ad-
2329 2341 2332 2344 ’

357 2453 520 2530 dito,
561 2454 911 2536 adpellatns
935 2475 1078 2518 esse
1106 2456 1425 2517 videtur.“
1464 2455 1795 2518 Ernestius
1835 2458 1903 2519 in
1948 2458 2029 2520 cl.
2062 2457 2198 2523 cic.

354 2547 422 2632 ὖ.
458 2571 557 2634 Μ.
598 2572 822 2637 Junius
853 2573 1306 2638 Gracchanum
1348 2574 1464 2653 „Si
1497 2593 1726 2636 nomen
1756 2575 2203 2655 appellativum
2327 2607 2328 2610 ¹

288 2717 297 2722 ·
355 2696 498 2767 eat,
559 2710 686 2779 non
750 2692 967 2755 dubito
1033 2692 1182 2773 quin
1244 2693 1329 2756 sit
1381 2693 1463 2755 de
1506 2693 1779 2756 amicitia
1823 2704 1962 2756 c'um
2002 2689 2204 2764 Attici

355 2814 548 2892 patre
592 2783 986 2891 capiendum.
1078 2813 1185 2875 Sic
1232 2830 1354 2893 pro
1392 2811 1559 2875 Mur.
1601 2808 1711 2884 27.
1759 2813 2014 2875 Servius
2059 2814 2203 2877 Sul-

353 2927 591 3009 picius,
634 2928 867 2991 sodalis
909 2929 1027 2991 filii
1070 2930 1206 2993 scil.
1250 2930 1579 2993 Murenae.
1643 2932 1785 2994 Nisi
1839 2932 1978 3012 quis
2032 2932 2204 3001 forte

358 3044 685 3125 dignitatis
747 3065 980 3110 nomen
1039 3057 1262 3131 putare
1325 3050 1479 3113 velit
1540 3071 1578 3112 a
1627 3051 1908 3133 ,collegio
1973 3053 2203 3134 aliquo,

357 3162 545 3244 cujus
588 3165 821 3230 sodalis
864 3167 1077 3245 fuerit,
1118 3174 1410 3249 tanquam
1448 3169 1875 3251 Epulonum.“
1929 3170 2204 3233 Orellina

357 3280 628 3348 adfcic.
674 3285 756 3348 de
797 3286 921 3367 leg.
964 3286 1009 3349 l.
1055 3307 1112 3351 c.
1126 3303 1151 3349 ε’
1186 3287 1480 3364 „Sodalis
1524 3290 1699 3369 quasi
1727 3289 2201 3372 sit'cognomen.

361 3398 449 3463 G.
503 3401 623 3466 cfr.
674 3403 830 3467 Ern.
893 3412 960 3468 et
1005 3397 1159 3480 sch.
1217 3405 1355 3480 Ind.
1410 3408 1655 3472 Histor.
1710 3410 1777 3472 in
1817 3409 1913 3472 Μ.
1955 3408 2204 3477 Junius.

359 3516 502 3580 Sed
542 3519 719 3584 locus
759 3521 1169 3588 Murenianae
1210 3545 1266 3589 c.
1309 3524 1416 3589 27.
1460 3528 1538 3590 ab
1576 3526 1731 3614 Ero.
1773 3529 1915 3615 ipso
1958 3528 2206 3606 allatus,

357 3655 503 3700 rem
546 3641 826 3718 conficit,
867 3648 938 3705 ut
976 3643 1043 3706 h.
1086 3645 1151 3710 l..
1180 3665 1429 3728 quoque
1470 3647 1731 3713 sodalis
1750 3647 1836 3711 sit
1874 3647 2204 3731 appellati-

358 3743 576 3818 vuni.“
640 3757 935 3825 Nostrum
990 3762 1200 3828 locum
1256 3766 1443 3831 aliter
1496 3766 1732 3833 lectum
1787 3787 1932 3834 enac
1971 3765 2200 3831 Passe‘-
2243 3829 2262 3841 χ
