2605 4426
1054 354 1471 420 ...15-

352 563 474 625 quo
518 545 642 625 ipsi
683 562 896 625 reges,
941 551 1007 605 et
1051 543 1125 603 ab
1168 543 1348 605 initio
1392 541 1643 623 quidem
1686 542 1976 619 civitatis,
2020 554 2175 604 nun-

308 660 313 667 ’
351 682 531 743 quam
576 662 701 725 soli
741 669 1107 742 quaestores
1154 662 1457 737 crearint‚
1520 661 1635 723 sed
1678 661 1969 724 adhibitis
2013 682 2175 724 sem-

349 801 469 863 per
506 782 728 863 populi
768 780 1100 862 suffragiis.
1187 779 1353 843 Hinc
1394 786 1634 842 tantum
1666 778 1929 845 formam
1959 787 2026 841 et
2052 782 2178 841 vim

351 901 521 963 illius
562 894 824 963 notitiae
868 899 1293 982 explicandam
1339 918 1509 976 esse,
1552 918 1754 979 neque
1798 918 1935 960 eam
1969 899 2179 974 fictam

354 1018 756 1096 censendam,
784 986 992 1097 'quod
1042 986 1178 1079 sine
1237 1024 1414 1080 certo
1467 1025 1827 1098 argumento
1872 1037 2178 1097 nunquam

353 1137 721 1199 sumendum
753 1137 870 1213 sit,
900 1155 1104 1217 neque
1136 1156 1294 1217 opus
1329 1157 1471 1205 esse
1492 1144 1563 1198 ut
1582 1157 1745 1200 nunc
1765 1145 2063 1200 sumatur.
2093 1170 2179 1181 —

336 1255 684 1345 ⁴Ingeniose
725 1255 1022 1338 profecto
1074 1255 1264 1331 haec,
1323 1255 1439 1316 sed
1480 1255 1780 1317 audacter
1822 1277 1879 1317 v.
1926 1256 1988 1315 d.
2035 1270 2181 1316 con-

343 1374 530 1455 jecit.
616 1373 928 1452 Primum,
991 1393 1114 1456 quo
1170 1382 1457 1456 tempore
1514 1375 1749 1456 scripta
1803 1376 1959 1449 sint,
2024 1394 2179 1454 quae

352 1492 661 1574 Ulpianus
724 1495 957 1570 refert,
1019 1494 1419 1574 ignoramus,
1483 1494 1714 1556 deinde
1776 1512 1857 1554 ne
1920 1493 2185 1574 genuina

356 1614 610 1696 quidem
649 1614 819 1675 Junii
860 1612 1051 1674 verba
1102 1618 1421 1688 tenemus,
1486 1620 1553 1674 et
1609 1612 1881 1674 fortasse
1933 1610 2184 1691 Ulpiani

315 1730 517 1796 ‘adeo
562 1732 730 1794 dicta
767 1730 1220 1793 Pandectarum
1269 1732 1755 1812 compositores,
1819 1732 1882 1792 in
1931 1730 2183 1791 brevius

358 1849 814 1926 contrahendo,
856 1849 1294 1927 immutarunt,
1339 1856 1410 1911 ut
1446 1868 1684 1911 summa
1709 1850 1997 1911 cautione
2025 1868 2183 1930 opus

357 1969 444 2030 sit
504 1969 569 2029 in
626 1967 940 2029 sententia
1000 1967 1267 2030 ferenda
1332 1968 1413 2029 de
1478 1968 1682 2028 animo
1703 2013 1721 2042 ,
1786 1988 1909 2048 quo
1965 1967 2186 2028 Juuius

355 2086 468 2150 illa
541 2086 885 2167 scripserit.
965 2089 1064 2158 (V.
1129 2084 1427 2148 Dirltsen.¹
1486 2086 1957 2165 Bemerkungen
2026 2086 2187 2145 iiber

355 2204 694 2268 Justinians
753 2205 1196 2288 compilation.
1252 2207 1321 2267 in
1347 2202 1406 2268 l.
1455 2228 1511 2268 c.
1556 2229 1619 2289 p.
1662 2203 1809 2269 192.
1855 2211 1994 2300 sq.)
2058 2203 2184 2267 De-

351 2324 542 2405 nique
582 2324 860 2386 nondum
905 2331 1181 2401 constat,
1226 2325 1307 2386 de
1352 2344 1473 2404 quo
1519 2344 1751 2405 genere
1789 2332 2186 2405 quaestorum

351 2443 571 2504 Junius
615 2443 864 2506 dixerit.
950 2444 1089 2505 Jam
1130 2460 1315 2520 vero,
1360 2444 1674 2524 quomodo
1716 2447 1922 2506 verbis
1984 2463 2187 2522 „quos

354 2561 477 2643 ipsi
521 2578 633 2621 sna
675 2556 837 2623 voce
879 2579 1009 2623 nou
1049 2563 1268 2645 populi
1312 2562 1624 2645 suffragiis
1667 2565 2037 2637 crearent,“
2091 2563 2185 2623 in-

355 2698 500 2741 esse
563 2684 785 2761 potest
846 2680 947 2756 id,
1013 2682 1180 2760 quod
1219 2683 1353 2746 vult
1391 2682 1698 2744 Rubino?
1760 2683 1936 2761 Quae
1997 2682 2191 2742 verba

356 2797 463 2861 ulii
489 2797 675 2860 aliter
715 2798 1120 2880 interpretati
1158 2802 1323 2863 sunt.
1361 2800 1718 2863 Huschkius
1767 2799 1980 2872 (Serv.
2014 2795 2187 2859 Tull.

355 2938 419 2999 p.
461 2914 610 2979 400:
657 2936 713 2977 a.
755 2913 898 2989 10.)
943 2916 1183 2979 vei-titt
1225 2918 1506 2994 „welche
1537 2919 1632 2981 sie
1660 2918 1871 2980 selber
1896 2916 2189 3008 wiililteu,

343 3034 589 3116 jedoch
630 3034 808 3096 nieht
850 3033 1050 3095 durch
1093 3034 1315 3115 eigene
1358 3035 1857 3115 Proclamirnng‚
1916 3036 2189 3095 sondern

228 3145 235 3162 ⁸
358 3154 572 3217 indem
613 3154 707 3216 sie
750 3153 863 3216 das
896 3152 1062 3217 Volk
1087 3156 1248 3218 iiber
1289 3155 1396 3217 die
1439 3175 1562 3217 von
1603 3156 1796 3264 iknen
1824 3153 2189 3215 Gewiihlten

358 3273 730 3336 abstimmen
780 3274 1090 3350 liessen.“
1155 3274 1241 3337 cf.
1294 3295 1359 3355 p.
1415 3271 1572 3349 599,
1636 3271 1701 3337 8.
1809 3271 2192 3335 Niebuhrius

358 3367 807 3458 verissime.T.
854 3392 900 3455 1.
944 3415 1008 3475 p.
1053 3391 1221 3456 550:
1287 3391 1516 3467 „wahl
1559 3392 1673 3453 des
1714 3389 1910 3453 Volks
1954 3389 2065 3451 das
2093 3390 2193 3452 ¹ist

360 3509 479 3572 der
519 3510 787 3587 Gurien,
850 3519 1038 3575 uuter
1094 3510 1578 3590 den·Kiinigen‚
1640 3510 1917 3571 meldete
1970 3508 2191 3578 Junius

361 3627 766 3692 Gracchanus
807 3630 1318 3692 ausdriicklich.“
1403 3628 1623 3708 Neque
1681 3629 1805 3689 hoc
1843 3620 2194 3689 Rubinonis

363 3745 716 3810 sententiae
750 3745 947 3810 favet.
1035 3746 1178 3809 Non
1229 3745 1419 3808 facile
1473 3744 1635 3807 enim
1685 3742 2042 3821 Romanus,
2092 3743 2193 3805 vel

2329 4143 2443 4220 ,Ἠ
2341 3915 2418 4027 s
