2605 4426
1179 390 1592 453 -8-‘-

468 576 726 663 ρι’ζοντο,
793 598 913 641 non
969 598 1345 660 magnopere
1398 579 1694 660 profecto
1738 599 1773 638 a
1817 578 2052 639 codicis
2097 574 2315 645 ducti-

469 699 584 758 bus
656 699 982 760 recedens.
1098 699 1241 759 Non
1312 698 1699 760 satisfecisse
1778 704 1984 759 tamen
2057 696 2315 756 videtur

471 816 895 896 Goettlingio,
958 816 1001 876 l.
1047 836 1102 878 c.
1148 839 1210 897 p.
1253 814 1404 879 520.
1448 811 1554 901 5).
1603 817 1937 878 scribenti=
2001 816 2090 875 Es
2134 834 2313 874 muss
2419 876 2433 885 ,

468 932 755 999 heissen:
800 930 1228 1021 προεχώρησαν
1265 937 1337 1027 τῇ
1369 932 1555 1021 ψήφῳ
1592 959 1645 996 τ.
1679 933 1766 1009 ὣς
1794 934 1922 995 und
1951 954 2019 996 es
2051 933 2315 1011 bezieht

470 1051 608 1112 sich
652 1052 787 1113 dies
832 1053 944 1113 auf
981 1054 1083 1113 iln-
1131 1053 1617 1134 praeiudicium‚
1679 1053 1950 1114 welches
1995 1052 2110 1113 der
2147 1051 2312 1111 Ent-

468 1171 816 1251 scheidung
881 1171 995 1232 des
1050 1170 1287 1234 Volkes
1340 1134 1715 1252 vorangtng‚'
1742 1189 1901 1251 quae
1943 1191 2002 1232 v.
2047 1171 2109 1262 ὁ.
2155 1187 2312 1229 con-

458 1289 709 1369 jectura
756 1290 910 1350 mihi
953 1310 1212 1372 prorsus
1258 1293 1464 1353 otiosa
1504 1290 1787 1366 videtur,
1846 1309 2030 1368 quum
2074 1289 2149 1349 ab
2191 1286 2313 1347 Ul·-

468 1408 639 1488 piani
681 1380 890 1469 verbis
933 1409 1126 1489 magis
1179 1410 1369 1472 etiam
1421 1409 1699 1472 recedat.
1786 1408 1856 1468 In
1916 1409 2128 1468 verbis
2181 1404 2313 1485 Ly-

473 1525 675 1601 diuis
740 1527 1151 1611 diiudicandis
1228 1529 1411 1589 simul
1490 1528 1908 1608 quaerendum
1989 1528 2112 1586 erit
2183 1544 2313 1604 quo

469 1646 828 1724 pertineant
873 1647 1060 1707 verba
1099 1647 1254 1727 μετὰ
1288 1642 1549 1719 τούτους.
1634 1646 1728 1707 Ea
1769 1643 2109 1706 secundum
2133 1644 2315 1722 leges

394 1824 397 1833 ,
473 1732 910 1842 grammaticae
938 1802 941 1805 ·
973 1766 1311 1828 referenda
1374 1773 1517 1827 sunt
1581 1766 1659 1843 ad
1724 1765 2072 1844 subjectum
2133 1763 2326 1825 verbi.

473 1880 994 1966 προεχωρὴσαντο.
1082 1884 1222 1945 Hoc
1266 1903 1419 1945 vero
1441 1930 1462 1959 ,
1508 1903 1692 1963 quum
1736 1882 1990 1945 creandi
2029 1886 2315 1963 potesta-

474 2008 601 2061 tem
645 2020 770 2062 non
813 2001 1065 2077 reddat,
1108 2002 1265 2063 mihi
1310 2008 1674 2083 corruptum
1714 2003 1987 2075 videtur,
2047 2015 2315 2060 censeo-

474 2136 594 2197 que
660 2119 1037 2199 legendum:
1107 2122 1618 2205 προεχειρίσαντο.
1729 2092 2098 2199 SubJectum
2158 2135 2318 2177 vero
2363 2120 2374 2127 “

473 2236 666 2298 nolim
724 2257 865 2299 esse
909 2245 1312 2318 quaestores,
1377 2239 1494 2301 sed
1534 2238 1867 2299 Romulum
1919 2244 1988 2299 et
2026 2235 2317 2310 Numam,

476 2374 738 2435 quorum
782 2356 1028 2419 nomina
1073 2365 1178 2419 aut
1215 2356 1435 2437 Lydus
1475 2347 1931 2439 praetermisit,
1995 2360 2101 2415 aut
2138 2354 2323 2415 incu-

474 2475 568 2534 ria
629 2475 986 2536 scribentis.
1095 2475 1353 2537 Excidit
1421 2476 1694 2538 fortasse
1762 2476 2013 2553 integer
2073 2489 2321 2546 versus,
2393 2455 2404 2468 “

476 2591 644 2672 quod
686 2593 753 2653 in
792 2593 905 2653 illo
951 2595 1176 2660 codice
1219 2594 1457 2656 factum
1503 2613 1646 2656 esse
1687 2591 2006 2692 interdum
2050 2569 2325 2652 testatur

474 2710 707 2773 Hasius
751 2720 1154 2776 commentar.
1201 2712 1282 2773 de
1323 2712 1442 2776 Jo.
1466 2710 1670 2792 Lydo.
1715 2731 1782 2791 p.
1828 2707 2107 2770 LXXIII.
2214 2703 2325 2766 Ad

477 2829 736 2891 eosdem
777 2848 961 2909 reges
1003 2829 1248 2907 refero,
1314 2829 1480 2910 quod
1522 2829 1805 2909 sequitur
1842 2826 1998 2910 μετὰ
2052 2822 2314 2899 τούτους.

477 2946 729 3009 Verbaz
816 2967 970 3008 sane
1033 2948 1317 3009 crebrior
1381 2947 1545 3028 apud
1605 2954 1854 3010 veteres
1920 2945 2128 3027 opinio
2187 2948 2317 3005 est:

477 3064 761 3145 agnoscis
825 3065 892 3125 in
955 3064 1216 3127 Graecis
1270 3065 1430 3156 ἡτοὺς
1487 3067 1730 3139 πλείους
1794 3064 1916 3127 τῶν
1977 3057 2316 3147 ἱστορικῶν.

474 3181 677 3244 Porro
707 3204 726 3242 z
798 3189 868 3244 et
908 3203 943 3244 a
985 3179 1217 3263 genere
1259 3215 1343 3227 —
1387 3183 1701 3245 scribunte
1744 3183 1929 3263 plane
1972 3186 2322 3260 congruunt

479 3320 620 3362 cum
665 3300 923 3362 Graecis
968 3296 1089 3363 ἀπὸ
1107 3335 1134 3350 -
1152 3296 1342 3363 εἶπον.
1448 3285 1820 3366 Accuratius
1873 3300 2008 3381 jam
2062 3297 2320 3378 Ulpiani

366 3507 372 3512 .
476 3418 762 3500 Lydique
803 3419 993 3480 verba
1036 3418 1419 3500 comparanti
1462 3418 1807 3499 apparebit,
1848 3418 2019 3479 Junii
2059 3421 2318 3478 senten·

476 3535 629 3599 tiam
674 3536 966 3608 desinere
1006 3537 1073 3597 in
1098 3556 1297 3598 voce:
1344 3542 1634 3598 crearent
1677 3542 1743 3598 et
1783 3537 1888 3599 τοῦ
1923 3532 2129 3616 δήμου.
2174 3532 2316 3610 Quo

475 3654 672 3748 magis
714 3652 1006 3717 Fussium
1051 3654 1331 3717 demiror
1381 3653 1464 3715 ad
1507 3653 1551 3719 1.
1598 3654 1681 3716 de
1722 3673 1804 3716 m.
1854 3660 1923 3716 et
1963 3652 2042 3714 inl
2068 3651 2190 3732 Ep.
2237 3649 2316 3713 ad

481 3772 739 3837 Hasium
782 3793 845 3855 p.·
883 3769 990 3836 19.
1036 3772 1493 3837 inculcantem:
1536 3769 1701 3835 ἆπό-
1720 3768 1907 3836 εἶπον.
1997 3769 2319 3850 „Diximus
