<?xml version="1.0" encoding="UTF-8"?>
<!DOCTYPE html PUBLIC "-//W3C//DTD XHTML 1.0 Transitional//EN"
    "http://www.w3.org/TR/xhtml1/DTD/xhtml1-transitional.dtd">
<html xmlns="http://www.w3.org/1999/xhtml" xml:lang="en" lang="en">
 <head>
  <title>
</title>
<meta http-equiv="Content-Type" content="text/html;charset=utf-8" />
  <meta name='ocr-system' content='tesseract 3.04.00' />
  <meta name='ocr-capabilities' content='ocr_page ocr_carea ocr_par ocr_line ocrx_word'/>
</head>
<body>
  <div class='ocr_page' id='page_1' title='image "./dejuniogracchan00mercgoog_0098.png"; bbox 0 0 2605 4426; ppageno 0'>
   <div class='ocr_carea' id='block_1_1' title="bbox 408 554 2408 3859">
    <p class='ocr_par' dir='ltr' id='par_1_1' title="bbox 408 554 2408 3859">
     <span class='ocr_line' id='line_1_1' title="bbox 521 554 2367 641; baseline 0.004 -25"><span class='ocrx_word' id='word_1_1' title='bbox 521 556 724 618; x_wconf 79' lang='lat' dir='ltr'>rentio</span> <span class='ocrx_word' id='word_1_2' title='bbox 771 561 989 614; x_wconf 78' lang='lat' dir='ltr'>censet</span> <span class='ocrx_word' id='word_1_3' title='bbox 1030 554 1357 635; x_wconf 77' lang='lat' dir='ltr'>proposita</span> <span class='ocrx_word' id='word_1_4' title='bbox 1399 555 1602 617; x_wconf 83' lang='lat' dir='ltr'>fuisse</span> <span class='ocrx_word' id='word_1_5' title='bbox 1642 556 1711 637; x_wconf 80' lang='lat' dir='ltr'>in</span> <span class='ocrx_word' id='word_1_6' title='bbox 1754 576 1948 639; x_wconf 83' lang='lat' dir='ltr'>opere</span> <span class='ocrx_word' id='word_1_7' title='bbox 1976 567 2124 641; x_wconf 84' lang='lat' dir='ltr'>post</span> <span class='ocrx_word' id='word_1_8' title='bbox 2160 560 2367 623; x_wconf 80' lang='lat' dir='ltr'>libros</span> 
     </span>
     <span class='ocr_line' id='line_1_2' title="bbox 520 675 2367 756; baseline 0.002 -19"><span class='ocrx_word' id='word_1_9' title='bbox 520 679 601 738; x_wconf 89' lang='lat' dir='ltr'>de</span> <span class='ocrx_word' id='word_1_10' title='bbox 623 677 665 738; x_wconf 82' lang='grc' dir='ltr'>Ι.</span> <span class='ocrx_word' id='word_1_11' title='bbox 679 675 753 736; x_wconf 91' lang='lat' dir='ltr'>L.</span> <span class='ocrx_word' id='word_1_12' title='bbox 774 676 1033 756; x_wconf 85' lang='lat' dir='ltr'>scripto,</span> <span class='ocrx_word' id='word_1_13' title='bbox 1050 693 1204 753; x_wconf 89' lang='lat' dir='ltr'>quos</span> <span class='ocrx_word' id='word_1_14' title='bbox 1226 681 1432 735; x_wconf 77' lang='lat' dir='ltr'>tamen</span> <span class='ocrx_word' id='word_1_15' title='bbox 1457 682 1703 738; x_wconf 76' lang='lat' dir='ltr'>constat</span> <span class='ocrx_word' id='word_1_16' title='bbox 1725 677 2156 756; x_wconf 76' lang='lat' dir='ltr'>antiquitatum</span> <span class='ocrx_word' id='word_1_17' title='bbox 2172 679 2367 741; x_wconf 85' lang='lat' dir='ltr'>libris</span> 
     </span>
     <span class='ocr_line' id='line_1_3' title="bbox 515 768 2361 878; baseline 0.002 -20"><span class='ocrx_word' id='word_1_18' title='bbox 515 768 904 878; x_wconf 79' lang='lat' dir='ltr'>posteriores</span> <span class='ocrx_word' id='word_1_19' title='bbox 943 811 1105 854; x_wconf 80' lang='lat' dir='ltr'>esse.</span> <span class='ocrx_word' id='word_1_20' title='bbox 1142 793 1225 855; x_wconf 83' lang='lat' dir='ltr'>cf.</span> <span class='ocrx_word' id='word_1_21' title='bbox 1260 794 1343 854; x_wconf 88' lang='lat' dir='ltr'>de</span> <span class='ocrx_word' id='word_1_22' title='bbox 1376 794 1420 857; x_wconf 87' lang='grc' dir='ltr'>Ι.</span> <span class='ocrx_word' id='word_1_23' title='bbox 1444 792 1518 858; x_wconf 88' lang='lat' dir='ltr'>L.</span> <span class='ocrx_word' id='word_1_24' title='bbox 1552 793 1670 870; x_wconf 84' lang='lat' dir='ltr'>VI,</span> <span class='ocrx_word' id='word_1_25' title='bbox 1706 792 1812 857; x_wconf 78' lang='lat'>15.</span> <span class='ocrx_word' id='word_1_26' title='bbox 1837 793 1941 859; x_wconf 86' lang='lat'>18.</span> <span class='ocrx_word' id='word_1_27' title='bbox 1977 796 2361 861; x_wconf 79' lang='lat' dir='ltr'>Ambroscb.</span> 
     </span>
     <span class='ocr_line' id='line_1_4' title="bbox 517 888 2364 995; baseline 0.001 -19"><span class='ocrx_word' id='word_1_28' title='bbox 517 913 784 977; x_wconf 81' lang='lat' dir='ltr'><strong>Studien</strong></span> <span class='ocrx_word' id='word_1_29' title='bbox 806 932 869 973; x_wconf 88' lang='lat' dir='ltr'>u.</span> <span class='ocrx_word' id='word_1_30' title='bbox 892 911 1286 992; x_wconf 85' lang='lat' dir='ltr'>Audeutgen.</span> <span class='ocrx_word' id='word_1_31' title='bbox 1311 911 1540 995; x_wconf 81' lang='lat' dir='ltr'><strong>p.·118.</strong></span> <span class='ocrx_word' id='word_1_32' title='bbox 1569 934 1625 979; x_wconf 85' lang='lat' dir='ltr'>a.</span> <span class='ocrx_word' id='word_1_33' title='bbox 1639 888 1751 976; x_wconf 80' lang='grc' dir='ltr'>ι56.</span> <span class='ocrx_word' id='word_1_34' title='bbox 1788 913 1940 976; x_wconf 86' lang='lat' dir='ltr'>Inde</span> <span class='ocrx_word' id='word_1_35' title='bbox 1962 915 2364 978; x_wconf 82' lang='lat' dir='ltr'>Macrobium</span> 
     </span>
     <span class='ocr_line' id='line_1_5' title="bbox 514 1026 2366 1127; baseline 0.001 -32"><span class='ocrx_word' id='word_1_36' title='bbox 514 1052 761 1115; x_wconf 88' lang='lat' dir='ltr'>quoque</span> <span class='ocrx_word' id='word_1_37' title='bbox 787 1031 916 1092; x_wconf 86' lang='lat' dir='ltr'>Sat.</span> <span class='ocrx_word' id='word_1_38' title='bbox 961 1026 1022 1127; x_wconf 74' lang='grc'>1.</span> <span class='ocrx_word' id='word_1_39' title='bbox 1070 1048 1125 1092; x_wconf 92' lang='lat' dir='ltr'>c.</span> <span class='ocrx_word' id='word_1_40' title='bbox 1170 1027 1256 1092; x_wconf 86' lang='grc'>12</span> <span class='ocrx_word' id='word_1_41' title='bbox 1298 1048 1408 1093; x_wconf 78' lang='lat' dir='ltr'>sua</span> <span class='ocrx_word' id='word_1_42' title='bbox 1449 1033 1735 1096; x_wconf 76' lang='lat' dir='ltr'>hausisse</span> <span class='ocrx_word' id='word_1_43' title='bbox 1778 1034 2183 1109; x_wconf 83' lang='lat' dir='ltr'>crediderim,</span> <span class='ocrx_word' id='word_1_44' title='bbox 2226 1051 2366 1098; x_wconf 88' lang='lat' dir='ltr'>non</span> 
     </span>
     <span class='ocr_line' id='line_1_6' title="bbox 513 1120 2362 1229; baseline 0.001 -16"><span class='ocrx_word' id='word_1_45' title='bbox 513 1171 698 1226; x_wconf 84' lang='lat' dir='ltr'>vero,</span> <span class='ocrx_word' id='word_1_46' title='bbox 763 1157 836 1212; x_wconf 88' lang='lat' dir='ltr'>ut</span> <span class='ocrx_word' id='word_1_47' title='bbox 890 1150 1219 1211; x_wconf 85' lang='lat' dir='ltr'>videbatur</span> <span class='ocrx_word' id='word_1_48' title='bbox 1260 1120 1577 1213; x_wconf 83' lang='lat' dir='ltr'>Muellero</span> <span class='ocrx_word' id='word_1_49' title='bbox 1621 1155 1653 1224; x_wconf 87' lang='grc'><strong>(</strong></span> <span class='ocrx_word' id='word_1_50' title='bbox 1669 1172 1807 1214; x_wconf 87' lang='lat' dir='ltr'>ann.</span> <span class='ocrx_word' id='word_1_51' title='bbox 1855 1154 1954 1214; x_wconf 79' lang='lat' dir='ltr'>ad.</span> <span class='ocrx_word' id='word_1_52' title='bbox 1998 1152 2180 1216; x_wconf 79' lang='lat' dir='ltr'>Varr.</span> <span class='ocrx_word' id='word_1_53' title='bbox 2227 1152 2362 1229; x_wconf 91' lang='lat' dir='ltr'>VI,</span> 
     </span>
     <span class='ocr_line' id='line_1_7' title="bbox 508 1267 2362 1344; baseline 0 -11"><span class='ocrx_word' id='word_1_54' title='bbox 508 1268 638 1344; x_wconf 75' lang='lat'>55)</span> <span class='ocrx_word' id='word_1_55' title='bbox 697 1289 772 1330; x_wconf 84' lang='lat' dir='ltr'>ex</span> <span class='ocrx_word' id='word_1_56' title='bbox 815 1270 992 1330; x_wconf 87' lang='lat' dir='ltr'>libris</span> <span class='ocrx_word' id='word_1_57' title='bbox 1048 1268 1127 1329; x_wconf 88' lang='lat' dir='ltr'>de</span> <span class='ocrx_word' id='word_1_58' title='bbox 1170 1270 1215 1331; x_wconf 90' lang='lat'>1.</span> <span class='ocrx_word' id='word_1_59' title='bbox 1259 1267 1334 1332; x_wconf 90' lang='lat' dir='ltr'>L.</span> <span class='ocrx_word' id='word_1_60' title='bbox 1421 1270 2007 1335; x_wconf 78' lang='lat' dir='ltr'>Animadverterunt</span> <span class='ocrx_word' id='word_1_61' title='bbox 2058 1278 2362 1333; x_wconf 76' lang='lat' dir='ltr'>auctores</span> 
     </span>
     <span class='ocr_line' id='line_1_8' title="bbox 512 1387 2361 1479; baseline 0.001 -29"><span class='ocrx_word' id='word_1_62' title='bbox 512 1387 860 1479; x_wconf 71' lang='lat' dir='ltr'>doctissimi</span> <span class='ocrx_word' id='word_1_63' title='bbox 902 1388 1047 1447; x_wconf 86' lang='lat' dir='ltr'>libri</span> <span class='ocrx_word' id='word_1_64' title='bbox 1090 1389 1443 1467; x_wconf 76' lang='lat' dir='ltr'>germanice</span> <span class='ocrx_word' id='word_1_65' title='bbox 1497 1390 1756 1471; x_wconf 84' lang='lat' dir='ltr'>scripti:</span> <span class='ocrx_word' id='word_1_66' title='bbox 1820 1390 2034 1452; x_wconf 87' lang='lat' dir='ltr'>Ueber</span> <span class='ocrx_word' id='word_1_67' title='bbox 2090 1389 2151 1451; x_wconf 90' lang='lat' dir='ltr'>d.</span> <span class='ocrx_word' id='word_1_68' title='bbox 2204 1389 2361 1451; x_wconf 88' lang='lat' dir='ltr'>Mo·-</span> 
     </span>
     <span class='ocr_line' id='line_1_9' title="bbox 508 1505 2364 1586; baseline 0.001 -17"><span class='ocrx_word' id='word_1_69' title='bbox 508 1514 872 1569; x_wconf 75' lang='lat' dir='ltr'>natsnamen</span> <span class='ocrx_word' id='word_1_70' title='bbox 920 1506 1154 1586; x_wconf 82' lang='lat' dir='ltr'>einiger</span> <span class='ocrx_word' id='word_1_71' title='bbox 1211 1507 1372 1567; x_wconf 78' lang='lat' dir='ltr'>alter</span> <span class='ocrx_word' id='word_1_72' title='bbox 1413 1505 1684 1584; x_wconf 70' lang='lat' dir='ltr'>Volker,</span> <span class='ocrx_word' id='word_1_73' title='bbox 1739 1509 2190 1570; x_wconf 87' lang='lat' dir='ltr'>insbesondere</span> <span class='ocrx_word' id='word_1_74' title='bbox 2232 1508 2364 1571; x_wconf 83' lang='lat' dir='ltr'>der</span> 
     </span>
     <span class='ocr_line' id='line_1_10' title="bbox 507 1610 2360 1707; baseline 0.002 -21"><span class='ocrx_word' id='word_1_75' title='bbox 507 1625 771 1702; x_wconf 85' lang='lat' dir='ltr'>Perser,</span> <span class='ocrx_word' id='word_1_76' title='bbox 839 1610 1304 1707; x_wconf 57' lang='lat' dir='ltr'>Cappadocien</span> <span class='ocrx_word' id='word_1_77' title='bbox 1366 1626 1572 1687; x_wconf 81' lang='lat' dir='ltr'>Juden</span> <span class='ocrx_word' id='word_1_78' title='bbox 1634 1625 1760 1686; x_wconf 87' lang='lat' dir='ltr'>und</span> <span class='ocrx_word' id='word_1_79' title='bbox 1828 1626 2049 1704; x_wconf 80' lang='lat' dir='ltr'>Syrer,</span> <span class='ocrx_word' id='word_1_80' title='bbox 2125 1626 2360 1689; x_wconf 86' lang='lat' dir='ltr'>Berlin</span> 
     </span>
     <span class='ocr_line' id='line_1_11' title="bbox 505 1740 2357 1826; baseline -0.001 -18"><span class='ocrx_word' id='word_1_81' title='bbox 505 1743 705 1820; x_wconf 81' lang='lat'>1856,</span> <span class='ocrx_word' id='word_1_82' title='bbox 756 1744 1056 1805; x_wconf 85' lang='lat' dir='ltr'>Benfeius</span> <span class='ocrx_word' id='word_1_83' title='bbox 1099 1752 1168 1806; x_wconf 86' lang='lat' dir='ltr'>et</span> <span class='ocrx_word' id='word_1_84' title='bbox 1213 1743 1500 1805; x_wconf 81' lang='lat' dir='ltr'>Sternius</span> <span class='ocrx_word' id='word_1_85' title='bbox 1542 1765 1607 1826; x_wconf 84' lang='lat' dir='ltr'>p.</span> <span class='ocrx_word' id='word_1_86' title='bbox 1650 1740 1798 1805; x_wconf 81' lang='lat'><strong>225.</strong></span> <span class='ocrx_word' id='word_1_87' title='bbox 1844 1744 2008 1823; x_wconf 79' lang='lat' dir='ltr'>apud</span> <span class='ocrx_word' id='word_1_88' title='bbox 2050 1743 2357 1824; x_wconf 80' lang='lat' dir='ltr'>plurimas</span> 
     </span>
     <span class='ocr_line' id='line_1_12' title="bbox 507 1861 2360 1947; baseline -0.004 -18"><span class='ocrx_word' id='word_1_89' title='bbox 507 1873 728 1947; x_wconf 81' lang='lat' dir='ltr'>gentes</span> <span class='ocrx_word' id='word_1_90' title='bbox 777 1863 1039 1924; x_wconf 86' lang='lat' dir='ltr'>inveniri</span> <span class='ocrx_word' id='word_1_91' title='bbox 1080 1863 1264 1929; x_wconf 87' lang='lat' dir='ltr'>binos</span> <span class='ocrx_word' id='word_1_92' title='bbox 1308 1880 1563 1923; x_wconf 91' lang='lat' dir='ltr'>menses</span> <span class='ocrx_word' id='word_1_93' title='bbox 1609 1861 2009 1942; x_wconf 81' lang='lat' dir='ltr'>cognomines</span> <span class='ocrx_word' id='word_1_94' title='bbox 2053 1867 2196 1923; x_wconf 84' lang='lat' dir='ltr'>s&#39;ese</span> <span class='ocrx_word' id='word_1_95' title='bbox 2238 1881 2360 1922; x_wconf 84' lang='lat' dir='ltr'>ex-</span> 
     </span>
     <span class='ocr_line' id='line_1_13' title="bbox 507 1958 2357 2065; baseline -0.002 -21"><span class='ocrx_word' id='word_1_96' title='bbox 507 1985 841 2065; x_wconf 59' lang='lat' dir='ltr'>cipientem,</span> <span class='ocrx_word' id='word_1_97' title='bbox 905 2001 1107 2061; x_wconf 88' lang='lat' dir='ltr'>neque</span> <span class='ocrx_word' id='word_1_98' title='bbox 1171 1987 1385 2043; x_wconf 78' lang='lat' dir='ltr'>tamen</span> <span class='ocrx_word' id='word_1_99' title='bbox 1428 1958 1566 2043; x_wconf 74' lang='lat' dir='ltr'>eem</span> <span class='ocrx_word' id='word_1_100' title='bbox 1608 1970 2093 2062; x_wconf 77' lang='lat' dir='ltr'>geminationem</span> <span class='ocrx_word' id='word_1_101' title='bbox 2138 1980 2357 2063; x_wconf 80' lang='lat' dir='ltr'>(Kop-</span> 
     </span>
     <span class='ocr_line' id='line_1_14' title="bbox 503 2076 2360 2185; baseline -0.001 -22"><span class='ocrx_word' id='word_1_102' title='bbox 503 2100 769 2185; x_wconf 84' lang='lat' dir='ltr'>pelung)</span> <span class='ocrx_word' id='word_1_103' title='bbox 809 2118 1065 2179; x_wconf 82' lang='lat' dir='ltr'>usquam</span> <span class='ocrx_word' id='word_1_104' title='bbox 1103 2099 1354 2180; x_wconf 81' lang='lat' dir='ltr'>integre</span> <span class='ocrx_word' id='word_1_105' title='bbox 1384 2107 1690 2162; x_wconf 75' lang='lat' dir='ltr'>servatam</span> <span class='ocrx_word' id='word_1_106' title='bbox 1721 2120 1886 2177; x_wconf 76' lang='lat' dir='ltr'>esse,</span> <span class='ocrx_word' id='word_1_107' title='bbox 1930 2101 2043 2165; x_wconf 84' lang='lat' dir='ltr'>sed</span> <span class='ocrx_word' id='word_1_108' title='bbox 2074 2076 2360 2182; x_wconf 83' lang='lat' dir='ltr'>plerum·</span> 
     </span>
     <span class='ocr_line' id='line_1_15' title="bbox 503 2212 2408 2304; baseline 0.001 -19"><span class='ocrx_word' id='word_1_109' title='bbox 503 2242 625 2304; x_wconf 88' lang='lat' dir='ltr'>que</span> <span class='ocrx_word' id='word_1_110' title='bbox 665 2240 802 2283; x_wconf 83' lang='lat' dir='ltr'>eam</span> <span class='ocrx_word' id='word_1_111' title='bbox 845 2221 1074 2282; x_wconf 83' lang='lat' dir='ltr'>seriem</span> <span class='ocrx_word' id='word_1_112' title='bbox 1103 2219 1517 2301; x_wconf 83' lang='lat' dir='ltr'>singularibus</span> <span class='ocrx_word' id='word_1_113' title='bbox 1546 2221 1899 2282; x_wconf 87' lang='lat' dir='ltr'>nominibus</span> <span class='ocrx_word' id='word_1_114' title='bbox 1928 2221 2356 2301; x_wconf 69' lang='lat' dir='ltr'>interpellari.</span> <span class='ocrx_word' id='word_1_115' title='bbox 2405 2212 2408 2216; x_wconf 37' lang='lat'>⁵</span> 
     </span>
     <span class='ocr_line' id='line_1_16' title="bbox 503 2337 2357 2423; baseline -0.001 -20"><span class='ocrx_word' id='word_1_116' title='bbox 503 2343 698 2423; x_wconf 89' lang='lat' dir='ltr'>Cujus</span> <span class='ocrx_word' id='word_1_117' title='bbox 739 2341 837 2401; x_wconf 90' lang='lat' dir='ltr'>rei</span> <span class='ocrx_word' id='word_1_118' title='bbox 889 2339 1058 2422; x_wconf 82' lang='lat' dir='ltr'>apud</span> <span class='ocrx_word' id='word_1_119' title='bbox 1098 2337 1414 2409; x_wconf 83' lang='lat' dir='ltr'>Romanos</span> <span class='ocrx_word' id='word_1_120' title='bbox 1469 2339 1799 2419; x_wconf 83' lang='lat' dir='ltr'>vestigium</span> <span class='ocrx_word' id='word_1_121' title='bbox 1864 2339 2357 2421; x_wconf 83' lang='lat' dir='ltr'>deprehendere</span> 
     </span>
     <span class='ocr_line' id='line_1_17' title="bbox 504 2454 2357 2539; baseline -0.002 -16"><span class='ocrx_word' id='word_1_122' title='bbox 504 2463 622 2524; x_wconf 87' lang='lat' dir='ltr'>sibi</span> <span class='ocrx_word' id='word_1_123' title='bbox 664 2461 778 2522; x_wconf 85' lang='lat' dir='ltr'>visi</span> <span class='ocrx_word' id='word_1_124' title='bbox 823 2460 1172 2521; x_wconf 67' lang='lat' dir='ltr'>sunt&#39;hoc:</span> <span class='ocrx_word' id='word_1_125' title='bbox 1240 2480 1301 2539; x_wconf 84' lang='lat' dir='ltr'>p.</span> <span class='ocrx_word' id='word_1_126' title='bbox 1347 2454 1499 2520; x_wconf 72' lang='grc'><strong>224.</strong></span> <span class='ocrx_word' id='word_1_127' title='bbox 1565 2457 1799 2534; x_wconf 86' lang='lat' dir='ltr'>„Aueh</span> <span class='ocrx_word' id='word_1_128' title='bbox 1860 2458 1946 2517; x_wconf 90' lang='lat' dir='ltr'>im</span> <span class='ocrx_word' id='word_1_129' title='bbox 1988 2456 2357 2519; x_wconf 78' lang='lat' dir='ltr'>riimischeu</span> 
     </span>
     <span class='ocr_line' id='line_1_18' title="bbox 414 2559 2356 2659; baseline -0.002 -18"><span class='ocrx_word' id='word_1_130' title='bbox 414 2592 428 2603; x_wconf 64' lang='lat'>‘</span> <span class='ocrx_word' id='word_1_131' title='bbox 500 2581 816 2644; x_wconf 85' lang='lat' dir='ltr'>Kalender</span> <span class='ocrx_word' id='word_1_132' title='bbox 873 2578 1139 2659; x_wconf 77' lang='lat' dir='ltr'>glauben</span> <span class='ocrx_word' id='word_1_133' title='bbox 1192 2577 1308 2637; x_wconf 83' lang='lat' dir='ltr'>wir</span> <span class='ocrx_word' id='word_1_134' title='bbox 1363 2576 1507 2637; x_wconf 89' lang='lat' dir='ltr'>eine</span> <span class='ocrx_word' id='word_1_135' title='bbox 1546 2559 1878 2638; x_wconf 78' lang='lat' dir='ltr'>schweche</span> <span class='ocrx_word' id='word_1_136' title='bbox 1925 2576 2088 2657; x_wconf 84' lang='lat' dir='ltr'>Spur</span> <span class='ocrx_word' id='word_1_137' title='bbox 2131 2576 2356 2638; x_wconf 84' lang='lat' dir='ltr'>dieser</span> 
     </span>
     <span class='ocr_line' id='line_1_19' title="bbox 496 2694 2354 2788; baseline -0.002 -27"><span class='ocrx_word' id='word_1_138' title='bbox 496 2701 870 2788; x_wconf 79' lang='lat' dir='ltr'>Koppelung</span> <span class='ocrx_word' id='word_1_139' title='bbox 911 2718 990 2761; x_wconf 82' lang='lat' dir='ltr'>zu</span> <span class='ocrx_word' id='word_1_140' title='bbox 1035 2698 1385 2772; x_wconf 83' lang='lat' dir='ltr'>erkennen‚</span> <span class='ocrx_word' id='word_1_141' title='bbox 1439 2715 1535 2757; x_wconf 86' lang='lat' dir='ltr'>wo</span> <span class='ocrx_word' id='word_1_142' title='bbox 1594 2696 1831 2756; x_wconf 87' lang='lat' dir='ltr'>bereits</span> <span class='ocrx_word' id='word_1_143' title='bbox 1876 2696 2037 2757; x_wconf 85' lang='lat' dir='ltr'>zehn</span> <span class='ocrx_word' id='word_1_144' title='bbox 2079 2694 2354 2757; x_wconf 77' lang='lat' dir='ltr'>Monate</span> 
     </span>
     <span class='ocr_line' id='line_1_20' title="bbox 501 2813 2351 2903; baseline -0.004 -19"><span class='ocrx_word' id='word_1_145' title='bbox 501 2824 720 2903; x_wconf 87' lang='lat' dir='ltr'>eigene</span> <span class='ocrx_word' id='word_1_146' title='bbox 736 2819 975 2880; x_wconf 73' lang='lat' dir='ltr'>Numen</span> <span class='ocrx_word' id='word_1_147' title='bbox 994 2816 1224 2893; x_wconf 76' lang='lat' dir='ltr'>haben,</span> <span class='ocrx_word' id='word_1_148' title='bbox 1239 2813 1446 2877; x_wconf 77' lang='lat' dir='ltr'>Maius</span> <span class='ocrx_word' id='word_1_149' title='bbox 1475 2813 1605 2875; x_wconf 77' lang='lat' dir='ltr'>und</span> <span class='ocrx_word' id='word_1_150' title='bbox 1616 2815 1654 2874; x_wconf 88' lang='lat' dir='ltr'>J</span> <span class='ocrx_word' id='word_1_151' title='bbox 1658 2814 1837 2876; x_wconf 88' lang='lat' dir='ltr'>unius</span> <span class='ocrx_word' id='word_1_152' title='bbox 1858 2813 2011 2875; x_wconf 81' lang='lat' dir='ltr'>aber</span> <span class='ocrx_word' id='word_1_153' title='bbox 2031 2813 2139 2874; x_wconf 71' lang='lat' dir='ltr'>das</span> <span class='ocrx_word' id='word_1_154' title='bbox 2162 2816 2351 2894; x_wconf 78' lang='lat' dir='ltr'>griis-</span> 
     </span>
     <span class='ocr_line' id='line_1_21' title="bbox 500 2930 2348 3018; baseline -0.004 -16"><span class='ocrx_word' id='word_1_155' title='bbox 500 2961 646 3002; x_wconf 82' lang='lat' dir='ltr'>serc</span> <span class='ocrx_word' id='word_1_156' title='bbox 666 2938 795 3000; x_wconf 84' lang='lat' dir='ltr'>und</span> <span class='ocrx_word' id='word_1_157' title='bbox 814 2936 1096 2998; x_wconf 85' lang='lat' dir='ltr'>kleinere</span> <span class='ocrx_word' id='word_1_158' title='bbox 1117 2934 1426 2996; x_wconf 83' lang='lat' dir='ltr'>bedentet</span> <span class='ocrx_word' id='word_1_159' title='bbox 1440 2979 1459 3011; x_wconf 85' lang='lat'><strong>‚</strong></span> <span class='ocrx_word' id='word_1_160' title='bbox 1482 2930 1595 2994; x_wconf 82' lang='lat' dir='ltr'>das</span> <span class='ocrx_word' id='word_1_161' title='bbox 1617 2934 2023 3014; x_wconf 79' lang='lat' dir='ltr'>Hauptwort‚</span> <span class='ocrx_word' id='word_1_162' title='bbox 2060 2932 2174 3018; x_wconf 42' lang='lat' dir='ltr'>a&#39;uf</span> <span class='ocrx_word' id='word_1_163' title='bbox 2187 2931 2348 2994; x_wconf 80' lang='lat' dir='ltr'>wel-</span> 
     </span>
     <span class='ocr_line' id='line_1_22' title="bbox 447 3024 2348 3137; baseline -0.007 -14"><span class='ocrx_word' id='word_1_164' title='bbox 447 3024 450 3027; x_wconf 13' lang='lat'><em>*</em></span> <span class='ocrx_word' id='word_1_165' title='bbox 497 3063 648 3124; x_wconf 84' lang='lat' dir='ltr'>ches</span> <span class='ocrx_word' id='word_1_166' title='bbox 683 3057 819 3119; x_wconf 89' lang='lat' dir='ltr'>sich</span> <span class='ocrx_word' id='word_1_167' title='bbox 859 3055 963 3117; x_wconf 88' lang='lat' dir='ltr'>die</span> <span class='ocrx_word' id='word_1_168' title='bbox 984 3052 1312 3133; x_wconf 84' lang='lat' dir='ltr'>Adjectiva</span> <span class='ocrx_word' id='word_1_169' title='bbox 1344 3041 2060 3137; x_wconf 53' lang='lat' dir='ltr'>beziehuss-vielleicht</span> <span class='ocrx_word' id='word_1_170' title='bbox 2090 3070 2348 3130; x_wconf 76' lang='lat' dir='ltr'>ver—-‚</span> 
     </span>
     <span class='ocr_line' id='line_1_23' title="bbox 495 3168 2347 3258; baseline -0.005 -17"><span class='ocrx_word' id='word_1_171' title='bbox 495 3184 602 3243; x_wconf 81' lang='lat' dir='ltr'>ist&#39;</span> <span class='ocrx_word' id='word_1_172' title='bbox 645 3173 1125 3258; x_wconf 69' lang='lat' dir='ltr'>weggefellen.‘⁶</span> <span class='ocrx_word' id='word_1_173' title='bbox 1228 3170 1411 3249; x_wconf 78' lang='lat' dir='ltr'>Quod</span> <span class='ocrx_word' id='word_1_174' title='bbox 1487 3171 1732 3252; x_wconf 77' lang='lat' dir='ltr'>etiamsi</span> <span class='ocrx_word' id='word_1_175' title='bbox 1804 3169 2059 3231; x_wconf 89' lang='lat' dir='ltr'>dubium</span> <span class='ocrx_word' id='word_1_176' title='bbox 2135 3168 2347 3234; x_wconf 86' lang='lat' dir='ltr'>videri</span> 
     </span>
     <span class='ocr_line' id='line_1_24' title="bbox 493 3285 2392 3385; baseline -0.005 -24"><span class='ocrx_word' id='word_1_177' title='bbox 493 3301 726 3385; x_wconf 79' lang='lat' dir='ltr'>possit,</span> <span class='ocrx_word' id='word_1_178' title='bbox 760 3303 999 3356; x_wconf 67' lang='lat' dir='ltr'>tamen</span> <span class='ocrx_word' id='word_1_179' title='bbox 1050 3290 1356 3351; x_wconf 86' lang='lat' dir='ltr'>mensium</span> <span class='ocrx_word' id='word_1_180' title='bbox 1400 3286 1823 3350; x_wconf 78' lang='lat' dir='ltr'>Romanorum</span> <span class='ocrx_word' id='word_1_181' title='bbox 1863 3307 1979 3369; x_wconf 84' lang='lat' dir='ltr'>per</span> <span class='ocrx_word' id='word_1_182' title='bbox 2018 3285 2195 3368; x_wconf 78' lang='lat' dir='ltr'>peria</span> <span class='ocrx_word' id='word_1_183' title='bbox 2240 3288 2344 3352; x_wconf 82' lang='lat' dir='ltr'>di-</span> <span class='ocrx_word' id='word_1_184' title='bbox 2383 3309 2392 3315; x_wconf 70' lang='grc'><strong>’</strong></span> 
     </span>
     <span class='ocr_line' id='line_1_25' title="bbox 493 3406 2339 3490; baseline -0.008 -8"><span class='ocrx_word' id='word_1_185' title='bbox 493 3415 995 3489; x_wconf 86' lang='lat' dir='ltr'>stribuendorum</span> <span class='ocrx_word' id='word_1_186' title='bbox 1038 3412 1341 3473; x_wconf 82' lang='lat' dir='ltr'>rationem</span> <span class='ocrx_word' id='word_1_187' title='bbox 1387 3408 1587 3470; x_wconf 85' lang='lat' dir='ltr'>multo</span> <span class='ocrx_word' id='word_1_188' title='bbox 1649 3409 1845 3490; x_wconf 81' lang='lat' dir='ltr'>magis</span> <span class='ocrx_word' id='word_1_189' title='bbox 1907 3406 2339 3490; x_wconf 68' lang='lat' dir='ltr'>probaverim,</span> 
     </span>
     <span class='ocr_line' id='line_1_26' title="bbox 493 3523 2336 3620; baseline -0.008 -19"><span class='ocrx_word' id='word_1_190' title='bbox 493 3550 679 3620; x_wconf 79' lang='lat' dir='ltr'>atque</span> <span class='ocrx_word' id='word_1_191' title='bbox 735 3535 940 3607; x_wconf 77' lang='lat' dir='ltr'>illam,</span> <span class='ocrx_word' id='word_1_192' title='bbox 1006 3551 1126 3610; x_wconf 81' lang='lat' dir='ltr'>qua</span> <span class='ocrx_word' id='word_1_193' title='bbox 1180 3528 1540 3608; x_wconf 80' lang='lat' dir='ltr'>Hartungus</span> <span class='ocrx_word' id='word_1_194' title='bbox 1599 3525 1680 3589; x_wconf 88' lang='lat' dir='ltr'>T.</span> <span class='ocrx_word' id='word_1_195' title='bbox 1723 3524 1788 3588; x_wconf 92' lang='grc'>2.</span> <span class='ocrx_word' id='word_1_196' title='bbox 1831 3547 1894 3608; x_wconf 86' lang='lat' dir='ltr'>p.</span> <span class='ocrx_word' id='word_1_197' title='bbox 1939 3523 2004 3591; x_wconf 85' lang='grc'>6.</span> <span class='ocrx_word' id='word_1_198' title='bbox 2071 3525 2336 3587; x_wconf 82' lang='lat' dir='ltr'>eosdem</span> 
     </span>
     <span class='ocr_line' id='line_1_27' title="bbox 408 3646 2337 3728; baseline -0.009 -6"><span class='ocrx_word' id='word_1_199' title='bbox 408 3669 413 3672; x_wconf 83' lang='grc'><em>“</em></span> <span class='ocrx_word' id='word_1_200' title='bbox 490 3665 798 3722; x_wconf 74' lang='lat' dir='ltr'>internos</span> <span class='ocrx_word' id='word_1_201' title='bbox 829 3649 1177 3724; x_wconf 85' lang='lat' dir='ltr'>distribuit,</span> <span class='ocrx_word' id='word_1_202' title='bbox 1220 3647 1474 3708; x_wconf 85' lang='lat' dir='ltr'>Februo</span> <span class='ocrx_word' id='word_1_203' title='bbox 1506 3647 1627 3707; x_wconf 85' lang='lat' dir='ltr'>deo</span> <span class='ocrx_word' id='word_1_204' title='bbox 1660 3653 1725 3708; x_wconf 89' lang='lat' dir='ltr'>et</span> <span class='ocrx_word' id='word_1_205' title='bbox 1751 3646 1953 3728; x_wconf 84' lang='lat' dir='ltr'>Aprili</span> <span class='ocrx_word' id='word_1_206' title='bbox 1995 3647 2134 3721; x_wconf 78' lang='lat' dir='ltr'>dea,</span> <span class='ocrx_word' id='word_1_207' title='bbox 2180 3664 2337 3724; x_wconf 74' lang='lat' dir='ltr'>qus-</span> 
     </span>
     <span class='ocr_line' id='line_1_28' title="bbox 487 3763 2334 3859; baseline -0.008 -21"><span class='ocrx_word' id='word_1_208' title='bbox 487 3783 584 3856; x_wconf 79' lang='lat' dir='ltr'>les</span> <span class='ocrx_word' id='word_1_209' title='bbox 627 3791 937 3855; x_wconf 69' lang='lat' dir='ltr'>nunquam</span> <span class='ocrx_word' id='word_1_210' title='bbox 977 3769 1261 3842; x_wconf 75' lang='lat' dir='ltr'>fuerunt,</span> <span class='ocrx_word' id='word_1_211' title='bbox 1308 3765 1675 3849; x_wconf 77' lang='lat' dir='ltr'>excogitatis</span> <span class='ocrx_word' id='word_1_212' title='bbox 1715 3785 1775 3827; x_wconf 76' lang='lat' dir='ltr'>r.</span> <span class='ocrx_word' id='word_1_213' title='bbox 1820 3763 2120 3829; x_wconf 84' lang='lat' dir='ltr'>Huschke</span> <span class='ocrx_word' id='word_1_214' title='bbox 2150 3763 2334 3859; x_wconf 55' lang='lat' dir='ltr'>Serv.</span> 
     </span>
    </p>
   </div>
   <div class='ocr_carea' id='block_1_2' title="bbox 2524 155 2583 4226">
    <p class='ocr_par' dir='ltr' id='par_1_2' title="bbox 2524 155 2583 4226">
     <span class='ocr_line' id='line_1_29' title="bbox 2524 155 2583 4226; baseline 0 0"><span class='ocrx_word' id='word_1_215' title='bbox 2524 155 2583 4226; x_wconf 95' lang='lat' dir='ltr'> </span> 
     </span>
    </p>
   </div>
  </div>
 </body>
</html>
