2605 4426
975 424 1052 463 ⁶7.-
1141 393 1228 457 57
1313 426 1395 439 ·-·

244 607 317 667 p.
348 580 503 652 525.
543 605 602 650 a.
628 581 736 649 85.
819 583 1018 648 Nobis
1057 584 1228 646 'enim
1271 582 1581 644 mensium
1626 584 2097 683 terminationes

243 705 470 767 favent
512 711 580 768 et
621 702 1043 767 distribuendi
1082 703 1243 763 viam
1291 708 1814 783 praemonstrant,
1855 704 2097 768 Martio

245 830 322 884 et
364 821 567 902 Aprili
612 821 915 901 exceptiS.
1001 818 1269 880 Martius
1312 818 1479 879 unde
1524 819 1732 905 dictus
1787 821 1904 897 sit,
1969 841 2098 883 non

243 946 471 1021 'potest
515 940 845 1001 obscurum
889 955 1065 1014 esse,
1110 943 1177 997 et
1216 935 1284 996 in
1328 955 1405 997 eo
1436 936 1672 1017 antiqui
1702 940 2099 1003 consentiunt
2231 1014 2234 1019 ⁴

247 1061 346 1131 (v.
386 1056 567 1123 Fest.
610 1079 668 1120 v.
712 1057 981 1119 Martius
1023 1054 1285 1169 navensis..
1337 1074 1399 1135 p.
1444 1052 1592 1118 150.
1682 1055 1864 1118 Ovid.
1921 1058 2094 1121 Fast.

247 1174 373 1253 111,
424 1173 488 1238 5.
534 1197 629 1257 sq.
672 1175 776 1240 75.
818 1174 919 1255 sq.
960 1172 1068 1237 97.
1156 1173 1327 1235 Plut.
1376 1180 1614 1254 quaest.
1656 1174 1838 1238 Rom.
1886 1197 1941 1238 c.
1986 1174 2091 1240 19.

250 1295 359 1367 ed.
401 1294 724 1375 Wyttenb.
769 1292 850 1356 T.
895 1292 973 1355 11.
1031 1313 1095 1375 p.
1138 1289 1228 1354 96
1269 1312 1364 1373 sq.
1433 1293 1607 1355 SerV.
1653 1294 1734 1354 ad
1775 1293 1853 1357 V.
1899 1295 1978 1357 G.
2022 1292 2093 1372 1,
2209 1276 2243 1301 ”

189 1464 196 1481 ,
245 1412 359 1477 45.
424 1413 586 1493 Lyd.
633 1415 713 1475 de
751 1431 951 1487 *mena
995 1433 1059 1493 p.
1105 1407 1252 1474 182.
1302 1431 1396 1491 sq.
1444 1412 1547 1474 ed.
1583 1411 1869 1487 naeth.)
1912 1434 2096 1497 prae-

248 1540 356 1596 ter
394 1552 583 1594 unum
625 1530 953 1606 Isidorum,
998 1529 1174 1611 Orig.
1218 1527 1297 1606 V,
1336 1527 1442 1592 55.
1466 1550 1488 1592 z
1543 1531 1771 1609 „Quod
1816 1551 1894 1593 eo
1934 1538 2095 1594 tem-

247 1670 414 1733 pore
457 1657 684 1712 cuncta
726 1648 1061 1711 animantia
1100 1647 1185 1708 ad
1228 1667 1467 1709 marem
1510 1632 1773 1729 aguntur
1825 1657 1893 1712 et
1945 1670 2094 1712 con-

249 1769 588 1833 cumbendi
650 1767 1095 1857 voluptatem.“
1198 1748 1329 1827 Sed
1394 1767 1476 1828 de
1536 1767 1798 1830 alterius
1860 1769 2093 1831 mensis

248 1889 504 1951 nomine
544 1887 714 1950 inter
752 1884 923 1948 Junii
964 1890 1033 1947 et
1065 1882 1373 1965 Varronis
1430 1886 1803 1949 sententiam
1845 1894 2093 1950 veteres

249 2006 667 2085 ambigebant.
752 2004 1004 2066 Junium
1048 2003 1338 2084 sequitur
1361 2002 1623 2066 Ovidius
1664 2003 1835 2070 Fast.
1878 2002 1942 2083 1,
1983 2002 2092 2069 58.

252 2110 369 2200 IV,
431 2121 553 2200 153
615 2120 736 2200 613
808 2120 915 2186 85.
981 2122 1282 2185 Horatius
1349 2122 1557 2216 carm.
1621 2121 1739 2201 lv,
1801 2122 1916 2203 11,
1982 2122 2085 2188 15.

254 2244 491 2305 Contra
531 2242 892 2305 Macrobius
938 2243 1068 2304 Sat.
1113 2239 1189 2319 1,
1253 2240 1357 2305 12.
1401 2266 1465 2326 p.
1507 2242 1654 2306 265.
1710 2264 1852 2324 sq.=
1915 2244 2093 2321 „Sed

232 2362 507 2425 ‘Cincius
549 2363 614 2426 in
659 2381 736 2424 eo
779 2362 975 2440 libro,
1041 2382 1223 2443 quem
1282 2362 1363 2423 de
1403 2361 1612 2424 Fastis
1668 2363 1951 2443 reliquit,
2003 2364 2095 2424 ait

249 2480 544 2563 imperite
608 2480 907 2561 quosdam
971 2480 1215 2562 opinari
1255 2481 1537 2563 Aprilem
1602 2500 1881 2542 mensem
1931 2481 2097 2571 anti-

251 2617 409 2679 quos
461 2619 497 2660 a
546 2567 802 2661 Venere
864 2598 1140 2676 dixisse3
1208 2619 1349 2661 cum
1414 2599 1621 2660 nullus
1685 2598 1822 2661 (lies
1883 2592 2089 2662 festus
2158 2652 2171 2665 .

250 2717 607 2797 nullumque
676 2697 1049 2780 sacrificium
1112 2717 1363 2800 insigne
1423 2715 1662 2780 Veneri
1733 2735 1851 2798 per
1919 2717 2090 2776 hunc

250 2854 526 2897 mensem
569 2855 606 2897 a
646 2837 987 2918 majoribus
1031 2837 1384 2900 institutum
1428 2836 1554 2899 sit=
1595 2833 1711 2897 sed
1753 2853 1834 2896 ne
1860 2835 1925 2895 iu
1954 2853 2108 2896 car-.

250 2952 518 3015 minibus
581 2955 832 3034 quidem
878 2955 1185 3020 Saliorum
1227 2954 1496 3018 Veneris
1559 2953 1711 3029 ulia,
1775 2959 1849 3014 ut
1909 2959 2099 3032 cete<

247 3089 453 3133 rorum
518 3073 924 3150 coelestium,
988 3042 1545 3137 lausscelebretur.
1633 3070 1851 3132 Cincio
1897 3071 2086 3132 etiam

248 3181 448 3268 Varro
490 3191 833 3270 consentit,
899 3193 1216 3254 affirmans
1258 3212 1488 3255 nomen
1529 3188 1799 3254 Veneris
1841 3208 1924 3249 ne
1968 3188 2081 3250 sub
2171 3219 2174 3222 ·

247 3307 493 3389 regibus
558 3308 813 3390 quidem
876 3311 1041 3394 apud
1090 3311 1407 3372 Romanos
1472 3311 1574 3372 vel
1634 3309 1920 3372 Latinum
1985 3307 2083 3367 vel

251 3426 551 3512 Graecum
614 3428 853 3504 fuisse;
917 3437 1002 3492 et·
1035 3429 1184 3492 ideo
1228 3445 1358 3491 non
1397 3430 1680 3513 potuisse
1723 3446 2003 3488 mensem
2048 3447 2083 3486 a

154 3543 171 3574 ⁸
248 3542 491 3609 Venere
533 3546 874 3610 nominari:
919 3547 1061 3624 sed,
1105 3567 1248 3611 cum
1276 3549 1416 3611 fere
1444 3552 1588 3610 ante
1618 3546 2079 3627 aequinoctium

247 3683 497 3727 vernum
554 3666 742 3729 triste
803 3666 911 3727 sit
952 3667 1224 3728 coelum'·
1262 3672 1332 3730 et
1391 3666 1656 3729 nubibus
1700 3649 2082 3740 obductum‚‘

249 3783 356 3846 sed
399 3792 469 3848 et
518 3791 693 3848 mare*
751 3784 1181 3867 navigantibus
1223 3784 1553 3862 clausum,
1616 3790 1828 3848 terrae
1892 3785 2081 3847 etiam

2315 3379 2385 3700 ,χχ
