2605 4426
1159 355 1576 423 -50--

455 545 598 608 rimi
640 546 956 627 exhibent.
1045 544 1413 613 Schneider.
1458 546 1539 612 Τ.
1579 547 1642 612 2.
1693 572 1752 631 p.
1800 546 1945 612 450.
1994 546 2295 612 Hauthal.

454 665 537 727 ad
580 662 761 727 Pers.
807 663 885 728 V.
927 663 1034 728 52.
1082 665 1161 729 Τ.
1206 665 1270 730 1.
1318 690 1381 750 p.
1424 666 1572 730 514.
1646 668 1864 748 Neque
1906 668 1963 729 si
2013 668 2296 729 locorum

456 785 760 846 rationem
826 787 1352 876 contemplamur,
1420 786 1588 848 inter
1650 805 1720 847 se
1773 787 2008 849 distant
2050 786 2299 846 Subura

456 909 523 961 et
585 921 775 984 pagus
840 904 1226 966 Suburanus.
1315 904 1513 965 Nemo
1579 905 1747 965 enim
1799 911 2076 966 veterum
2130 904 2344 983 haec*

458 1027 675 1100 aperte
741 1020 1080 1099 discrevit,
1152 1023 1275 1085 nisi
1338 1026 1712 1104 personatus
1777 1022 1885 1083 ille
1938 1023 2014 1099 Q.
2058 1021 2296 1082 Fabius

456 1135 680 1200 Pictor
733 1138 815 1200 de
871 1158 1064 1202 aureo
1109 1142 1324 1203 seculo
1378 1147 1447 1202 et
1489 1140 1570 1203 de
1614 1140 1852 1220 origine
1893 1132 2064 1201 urbis
2104 1137 2296 1200 Rom.

454 1251 516 1316 1.
560 1253 647 1331 2.,
692 1258 793 1318 cui
851 1258 1123 1321 credidit
1166 1259 1524 1340 Seyfertus,
1570 1277 1752 1339 quem
1792 1265 2003 1320 tamen
2046 1262 2297 1318 constat

456 1372 541 1434 ab
583 1372 788 1435 Annio
834 1374 1219 1438 viterbiensi
1262 1376 1652 1439 fabricatum.
1699 1396 1756 1438 v.
1800 1375 1894 1438 M.
1937 1374 2164 1437 Hanltii
2206 1373 2295 1436 de

458 1487 639 1553 Rom.
671 1489 821 1553 Rer.
852 1492 1067 1575 script.
1099 1494 1209 1559 lib.
1237 1493 1412 1577 Lips.
1442 1491 1630 1583 1669.
1660 1516 1723 1577 p.
1745 1491 1828 1556 21
1852 1514 1946 1575 sq.
1992 1493 2294 1555 Huschke

461 1607 637 1669 Serv,
685 1607 853 1672 Tull.
896 1631 960 1691 p.
1006 1610 1113 1675 58.
1156 1611 1306 1676 707.
1378 1611 1610 1694 Pagum
1654 1620 1861 1675 autem
1905 1596 2293 1677 Sucusanum

460 1745 496 1787 a
540 1725 816 1804 Subura,
840 1716 855 1723 ’
880 1748 1006 1791 non
1057 1730 1219 1793 hanc
1269 1733 1346 1795 ab
1390 1731 1501 1794 illo
1546 1732 2036 1813 cognominatam
2079 1735 2296 1790 osten·

458 1842 555 1906 dit
595 1846 697 1908 vel
737 1846 942 1909 forma
1003 1824 1320 1932 adjectivi·
1355 1849 1653 1914 derivata.
1739 1848 2009 1912 Videtur
2067 1848 2293 1908 horum
2408 1911 2423 1918 ,

456 1964 772 2025 nominum
834 1966 1020 2027 alteri
1082 1986 1199 2049 per
1264 1967 1316 2029 C
1391 1968 1637 2029 literam
1708 1966 2038 2049 scriptura.
2076 1963 2296 2024 inhae-

457 2079 660 2156 sisse,
747 2099 906 2161 quae
982 2081 1299 2145 Romanos
1378 2068 1733 2160 induxerit,
1821 2093 1891 2145 ut
1972 2082 2295 2164 propriam

457 2198 593 2281 ejus
635 2198 911 2263 radicem
956 2203 1377 2283 anquirerent.
1462 2225 1521 2266 v.
1571 2202 1956 2266 Schwenck:
2016 2200 2296 2288 Zweiter

452 2318 706 2401 Beitrag
766 2340 883 2382 zur.
938 2320 1471 2407 Wortforschung
1532 2324 1649 2386 der
1709 2322 1924 2386 latein.
1989 2320 2292 2404 Sprache.

455 2458 520 2518 p.
576 2435 724 2500 107.
824 2441 985 2518 Quo
1023 2441 1166 2504 loco
1233 2443 1416 2505 valde
1480 2442 1881 2506 desiderandi
1942 2452 2084 2503 sunt
2146 2439 2296 2523 libri

457 2553 669 2617 Verrii
696 2602 717 2634 ‚
781 2577 963 2638 quem
1009 2558 1090 2621 de
1131 2560 1232 2623 his
1274 2562 1484 2623 rebus·
1506 2563 1822 2623 uberrime
1845 2559 2081 2621 dixisse
2117 2558 2296 2620 colli-

456 2672 625 2755 gitur
667 2694 747 2737 ex
787 2678 867 2738 iis
889 2723 909 2753 ‚
953 2697 1110 2759 quae
1154 2678 1371 2741 docuit
1411 2678 1758 2740 Muellerus
1798 2677 2000 2761 praef.
2046 2676 2124 2737 ad
2165 2674 2302 2739 Fe·-

456 2797 621 2854 stum
682 2813 750 2875 p.
806 2792 1033 2857 xxxi.
1154 2795 1434 2888 Terg-eus
1497 2816 1754 2876 murus,
1817 2798 1922 2877 qui
1989 2794 2292 2858 Varronis

457 2915 746 2991 tempore
787 2919 898 2978 aut
940 2913 1313 2996 conspicuus
1358 2921 1494 2976 erat
1514 2960 1534 2990 ‚
1605 2920 1711 2977 aut
1763 2915 1940 2995 cujus
1992 2914 2296 2976 memoria
2316 2905 2331 2926 “

454 3025 601 3110 loco
622 3038 1035 3108 remanserat,
1078 3031 1328 3097 videtur
1370 3019 1578 3094 ansam
1622 3032 1878 3095 dedisse
1908 3025 2082 3093 voci:
2123 3017 2326 3092 sum-³

452 3146 845 3225 moenianum,
911 3169 1032 3229 qua
1071 3150 1441 3212 meretrices
1481 3152 1759 3233 ‘appellat
1796 3145 2106 3212 Martialis
2148 3147 2294 3227 111.‚

451 3259 557 3328 82.
599 3262 761 3341 XII..
799 3263 906 3342 22,
946 3263 1055 3330 52.
1141 3288 1200 3330 v.
1242 3267 1505 3331 Becker.
1563 3269 1781 3357 Gallus
1832 3264 1914 3330 Τ.
1956 3263 2020 3331 1.
2071 3288 2134 3348 p.
2176 3263 2288 3332 55.

450 3378 777 3445 Weichert
833 3391 1035 3466 poett.
1099 3385 1239 3448 latt.
1300 3385 1418 3448 rel.
1460 3408 1525 3478 p.
1566 3382 1700 3449 454
1738 3404 1882 3448 ann.
1924 3377 2289 3447 Verisimile

450 3504 552 3561 est
595 3499 898 3563 Suburam
950 3505 1066 3565 sub
1119 3504 1491 3569 Caesaribus
1531 3503 1717 3567 latius
1768 3503 2046 3615 patuisse
2057 3546 2081 3581 ,
2143 3495 2286 3564 cre·
2321 3497 2330 3504 ⁸

451 3619 774 3683 scentibus
814 3622 1185 3705 propediem
1226 3617 1453 3684 finibus
1484 3621 1686 3696 urbis,
1731 3641 1918 3701 quum
1950 3643 2049 3704 ap.
2081 3620 2283 3683 Orell-

447 3734 643 3800 Inscr.
687 3737 770 3802 Τ.
812 3736 877 3802 1,
918 3760 984 3822 p.
1026 3736 1133 3806 69.
1174 3757 1241 3806 ιι.
1281 3737 1348 3804 8.
1400 3740 1563 3822 lapis
1615 3735 1962 3806 exhibenti
2024 3740 2092 3801 in
2125 3733 2279 3800 'SE-
