2605 4426
1060 352 1479 440 ...45-..

341 548 518 623 fatis,
564 564 719 626 quae
760 543 930 605 Junii
972 544 1207 624 scripta
1249 544 1572 617 subierint.
1627 539 1765 600 Etsi
1796 560 1977 608 nemo
2007 549 2180 605 vete‘

342 687 486 728 rum
532 666 614 725 de
658 683 730 724 ea
773 681 842 724 re
887 662 1218 751 quidquam
1262 659 1562 732 tradidit,
1607 678 1932 738 possumus
1975 669 2184 723 tamen

347 785 655 864 quaedam
699 780 1100 861 augurari-ex
1145 799 1221 840 ea
1262 779 1636 859 scriptorum
1666 780 1851 854 serie,
1896 780 1999 858 qui
2018 780 2186 872 Julnii
2309 815 2316 822 -

345 904 644 982 reliquias
687 901 767 960 ad
812 904 1088 960 nostram
1131 904 1400 959 aetatem
1443 903 1876 978 propagarunt.
1947 897 2186 958 Horum

348 1019 779 1100 antiquissimi·
807 1023 952 1093 sunt
992 1015 1083 1077 M.
1132 1015 1470 1098 Terentius
1512 1014 1712 1076 Varro
1758 1022 1823 1076 et
1852 1015 1924 1077 G.
1946 1014 2187 1077 Plinius

352 1139 700 1214 SecunduS‚
744 1155 898 1217 quoa
938 1134 1242 1215 genuinos
1267 1130 1452 1193 Junii‘
1476 1134 1672 1195 libros
1706 1133 2020 1208 habuisse,
2064 1153 2189 1195 non

352 1231 456 1319 est
496 1277 608 1318 cur
650 1255 1018 1317 d'ubitemas.
1069 1252 1269 1314 Varro
1300 1252 1487 1327 enim,
1532 1252 1635 1330 qui
1677 1258 2003 1333 poetarum
2030 1252 2187 1339 anti-

354 1395 615 1456 quorum
644 1373 916 1435 carmina
936 1372 1219 1433 manibus
1250 1371 1554 1451 versabat,
1586 1389 1711 1455 non
1744 1346 1918 1431 tanto
1942 1375 2188 1452 tempo-

352 1495 444 1554 ris
485 1491 811 1554 intervallo
841 1472 1157 1570 sej'unctus
1187 1495 1340 1564 erat,
1363 1495 1436 1549 ut
1454 1487 1621 1548 Junii
1643 1488 1894 1570 scriptis
1919 1494 2186 1550 careret.

309 1666 315 1671 .
356 1610 602 1672 Deinde
656 1610 879 1671 modus
934 1626 1058 1687 quo
1099 1627 1241 1668 eum
1296 1606 1535 1681 laudat,
1602 1605 1862 1677 (Junius
1927 1607 2191 1677 scribit)

358 1710 691 1790 ostendere
754 1728 1033 1802 videtur,
1097 1726 1172 1787 ab
1236 1726 1376 1804 ipso
1441 1724 1638 1785 libros
1702 1724 1903 1789 leutos
1966 1725 2186 1787 fuisse.

359 1847 600 1909 Eadem
640 1845 846 1907 Plinio
889 1846 1053 1905 fides
1106 1841 1476 1918 tribuenda,
1530 1843 1636 1922 qui
1680 1841 2202 1923 diligentissimus*

358 1967 661 2027 librorum
715 1962 1102 2043 conquisitor
1163 1935 1445 2042 ipsorum
1490 1961 1916 2027 Gracchorum
1978 1981 2191 2023 manus

302 2166 307 2173 .
360 2083 527 2167 apud
570 2082 977 2164 Pomponium
1034 2078 1390 2143 Secundum
1445 2099 1641 2141 annos
1693 2079 1833 2142 fere
1886 2082 2036 2161 post
2076 2080 2191 2141 du·
2247 2064 2250 2067 Δ

361 2210 582 2266 centos
623 2201 887 2264 viderat.
944 2199 1069 2271 (11.
1117 2199 1195 2260 Ν.
1239 2196 1416 2274 ΧΙΠ,
1458 2195 1565 2262 12.
1612 2196 1833 2277 [26].)
1898 2198 2194 2261 Censori-

362 2343 510 2383 num
553 2329 789 2397 autem‚
847 2321 954 2401 qui
996 2340 1052 2381 a.
1097 2341 1160 2401 p.
1206 2318 1357 2379 chr.
1401 2337 1465 2379 n.
1507 2314 1676 2384 258.-
1743 2317 2084 2380 Maximino
2131 2327 2197 2382 et

363 2441 686 2502 Gordiano
761 2439 1206 2519 imperantibus
1282 2437 1565 2498 libellum
1629 2433 1806 2498 suum
1884 2438 2194 2514 confecit,

363 2566 573 2621 utrum
614 2559 768 2640 ipsis
810 2557 980 2617 Junii
1023 2556 1200 2617 libris
1245 2574 1394 2617 usus
1438 2557 1549 2631 sit,
1615 2573 1693 2615 an
1750 2555 2002 2617 aliunde
2057 2557 2195 2636 ejus

363 2669 741 2739 sententiam
786 2675 1178 2756 cognoverit,
1232 2691 1360 2734 non
1403 2647 1598 2736 ausim
1644 2673 1989 2750 affirmare,
2044 2694 2196 2753 quo·
2272 2723 2276 2727 .

364 2797 531 2856 niam
582 2813 764 2857 nemo
829 2779 1032 2855 adhuc
1099 2793 1180 2852 de
1242 2793 1422 2853 fonte
1487 2791 1621 2871 ejus
1687 2799 1754 2857 et
1817 2793 2199 2856 auctoritate

367 2913 705 2995 diligenter
747 2912 1068 2992 quaesivit.
1155 2910 1254 2971 Ad
1307 2909 1733 2985 Macrobium‚
1800 2930 1981 2990 quem
2050 2932 2197 2975 con-

364 3030 630 3092 stituunt
694 3030 909 3118 quinto
954 3030 1166 3091 seculo
1210 3051 1273 3109 p.
1321 3027 1473 3089 Chr.
1532 3029 1794 3090 ineunte
1816 3075 1835 3105 ‚
1897 3038 2199 3111 regnante

368 3146 733 3209 Theodosio
775 3149 1046 3222 minore,
1092 3156 1279 3227 quum
1325 3148 1520 3208 semel
1554 3151 1791 3209 tantum
1821 3150 2200 3227 mentionem

369 3266 563 3327 faciat
601 3265 800 3342 Junii,
843 3267 978 3348 ejus
1021 3267 1242 3328 notitia
1269 3285 1397 3330 non
1425 3266 1571 3326 libri
1598 3266 1959 3347 pervenisse
1986 3267 2200 3329 viden-

370 3395 493 3447 tur.
580 3385 881 3466 Ulpianus
925 3386 1041 3446 sub
1087 3383 1396 3467 Septimio
1455 3390 1522 3445 et
1563 3365 1914 3482 Alerandro
1961 3385 2200 3448 Severo

370 3503 417 3563 i.
448 3522 507 3563 e.
550 3504 764 3566 seculo
804 3526 869 3584 p.
919 3503 1071 3565 chr.
1114 3522 1175 3565 n.
1223 3502 1499 3564 secundo
1542 3508 1825 3590 extremo
1855 3512 1920 3565 et
1945 3493 2202 3568 ineunte

371 3621 565 3682 tertio
608 3621 779 3683 vixit.
864 3622 1031 3684 Junii
1076 3622 1157 3683 de
1221 3621 1653 3703 quaestoribus
1717 3623 1906 3696 verba
1967 3623 2203 3684 inserta
2267 3653 2272 3658 2

376 3746 524 3802 sunt
583 3740 748 3801 libro
813 3740 949 3820 ejus
1012 3740 1336 3823 singulari
1375 3740 1455 3802 de
1530 3739 1745 3802 officio
1822 3740 2204 3821 quaestoris,
