<?xml version="1.0" encoding="UTF-8"?>
<!DOCTYPE html PUBLIC "-//W3C//DTD XHTML 1.0 Transitional//EN"
    "http://www.w3.org/TR/xhtml1/DTD/xhtml1-transitional.dtd">
<html xmlns="http://www.w3.org/1999/xhtml" xml:lang="en" lang="en">
 <head>
  <title>
</title>
<meta http-equiv="Content-Type" content="text/html;charset=utf-8" />
  <meta name='ocr-system' content='tesseract 3.04.00' />
  <meta name='ocr-capabilities' content='ocr_page ocr_carea ocr_par ocr_line ocrx_word'/>
</head>
<body>
  <div class='ocr_page' id='page_1' title='image "./dejuniogracchan00mercgoog_0058.png"; bbox 0 0 2605 4426; ppageno 0'>
   <div class='ocr_carea' id='block_1_1' title="bbox 1202 376 1618 439">
    <p class='ocr_par' dir='ltr' id='par_1_1' title="bbox 1202 376 1618 439">
     <span class='ocr_line' id='line_1_1' title="bbox 1202 376 1618 439; baseline -0.002 -18"><span class='ocrx_word' id='word_1_1' title='bbox 1202 376 1618 439; x_wconf 11' lang='lat'><strong>...44³-</strong></span> 
     </span>
    </p>
   </div>
   <div class='ocr_carea' id='block_1_2' title="bbox 389 548 2341 2421">
    <p class='ocr_par' dir='ltr' id='par_1_2' title="bbox 389 548 2341 2421">
     <span class='ocr_line' id='line_1_2' title="bbox 497 548 2330 659; baseline 0.001 -32"><span class='ocrx_word' id='word_1_2' title='bbox 497 564 769 659; x_wconf 62' lang='lat' dir='ltr'><strong>aequalis</strong></span> <span class='ocrx_word' id='word_1_3' title='bbox 813 564 951 624; x_wconf 80' lang='lat' dir='ltr'><strong>fuit.</strong></span> <span class='ocrx_word' id='word_1_4' title='bbox 1011 548 1375 625; x_wconf 75' lang='lat' dir='ltr'><strong>verissime.</strong></span> <span class='ocrx_word' id='word_1_5' title='bbox 1445 563 1596 624; x_wconf 89' lang='lat' dir='ltr'><strong>Inde</strong></span> <span class='ocrx_word' id='word_1_6' title='bbox 1640 570 1920 646; x_wconf 79' lang='lat' dir='ltr'><strong>apparet,</strong></span> <span class='ocrx_word' id='word_1_7' title='bbox 1966 586 2144 645; x_wconf 88' lang='lat' dir='ltr'><strong>quam</strong></span> <span class='ocrx_word' id='word_1_8' title='bbox 2165 568 2330 629; x_wconf 82' lang='lat' dir='ltr'><strong>male</strong></span> 
     </span>
     <span class='ocr_line' id='line_1_3' title="bbox 494 682 2330 767; baseline 0.001 -24"><span class='ocrx_word' id='word_1_9' title='bbox 494 685 559 743; x_wconf 89' lang='lat' dir='ltr'><strong>in</strong></span> <span class='ocrx_word' id='word_1_10' title='bbox 605 683 746 745; x_wconf 68' lang='lat' dir='ltr'><strong>o‘od.</strong></span> <span class='ocrx_word' id='word_1_11' title='bbox 792 685 842 743; x_wconf 91' lang='lat' dir='ltr'><strong>B</strong></span> <span class='ocrx_word' id='word_1_12' title='bbox 884 682 1183 745; x_wconf 81' lang='lat' dir='ltr'>Varronis</span> <span class='ocrx_word' id='word_1_13' title='bbox 1228 684 1473 767; x_wconf 83' lang='lat' dir='ltr'><strong>legatur</strong></span> <span class='ocrx_word' id='word_1_14' title='bbox 1515 683 1783 743; x_wconf 76' lang='lat' dir='ltr'><strong>Fulvius</strong></span> <span class='ocrx_word' id='word_1_15' title='bbox 1823 685 2115 759; x_wconf 70' lang='lat' dir='ltr'><strong>Flacczw,</strong></span> <span class='ocrx_word' id='word_1_16' title='bbox 2162 687 2330 764; x_wconf 89' lang='lat' dir='ltr'><strong>quod</strong></span> 
     </span>
     <span class='ocr_line' id='line_1_4' title="bbox 495 779 2341 884; baseline 0.001 -22"><span class='ocrx_word' id='word_1_17' title='bbox 495 809 702 862; x_wconf 87' lang='lat' dir='ltr'><strong>tamen</strong></span> <span class='ocrx_word' id='word_1_18' title='bbox 741 795 997 882; x_wconf 77' lang='lat' dir='ltr'><strong>&#39;placuit</strong></span> <span class='ocrx_word' id='word_1_19' title='bbox 1061 801 1365 863; x_wconf 83' lang='lat' dir='ltr'><strong>Carrioni.</strong></span> <span class='ocrx_word' id='word_1_20' title='bbox 1432 802 1474 864; x_wconf 93' lang='lat' dir='ltr'><strong>l.</strong></span> <span class='ocrx_word' id='word_1_21' title='bbox 1523 822 1577 864; x_wconf 87' lang='lat' dir='ltr'><strong>c.</strong></span> <span class='ocrx_word' id='word_1_22' title='bbox 1635 825 1719 883; x_wconf 87' lang='lat' dir='ltr'><strong>p..</strong></span> <span class='ocrx_word' id='word_1_23' title='bbox 1742 800 1889 866; x_wconf 70' lang='lat'><strong>127.</strong></span> <span class='ocrx_word' id='word_1_24' title='bbox 1954 806 2044 874; x_wconf 82' lang='lat' dir='ltr'><strong>[v.</strong></span> <span class='ocrx_word' id='word_1_25' title='bbox 2092 779 2341 884; x_wconf 46' lang='lat' dir='ltr'><strong>Speng.</strong></span> 
     </span>
     <span class='ocr_line' id='line_1_5' title="bbox 492 908 2325 1002; baseline 0.002 -23"><span class='ocrx_word' id='word_1_26' title='bbox 492 919 691 999; x_wconf 84' lang='lat' dir='ltr'><strong>praef.</strong></span> <span class='ocrx_word' id='word_1_27' title='bbox 737 941 802 1000; x_wconf 88' lang='lat' dir='ltr'><strong>p.</strong></span> <span class='ocrx_word' id='word_1_28' title='bbox 846 916 945 992; x_wconf 82' lang='lat'><strong>2.)</strong></span> <span class='ocrx_word' id='word_1_29' title='bbox 988 917 1168 979; x_wconf 80' lang='lat' dir='ltr'><strong>Adde</strong></span> <span class='ocrx_word' id='word_1_30' title='bbox 1207 908 1367 999; x_wconf 79' lang='lat' dir='ltr'><strong>Lyd.</strong></span> <span class='ocrx_word' id='word_1_31' title='bbox 1412 920 1492 980; x_wconf 88' lang='lat' dir='ltr'><strong>de</strong></span> <span class='ocrx_word' id='word_1_32' title='bbox 1536 927 1766 982; x_wconf 89' lang='lat' dir='ltr'><strong>ostent.</strong></span> <span class='ocrx_word' id='word_1_33' title='bbox 1813 922 1894 982; x_wconf 87' lang='lat' dir='ltr'><strong>H.</strong></span> <span class='ocrx_word' id='word_1_34' title='bbox 1940 939 2005 1002; x_wconf 87' lang='lat' dir='ltr'><strong>p.</strong></span> <span class='ocrx_word' id='word_1_35' title='bbox 2028 918 2175 997; x_wconf 81' lang='lat'><strong>292,</strong></span> <span class='ocrx_word' id='word_1_36' title='bbox 2218 918 2325 982; x_wconf 83' lang='lat'><strong>10.</strong></span> 
     </span>
     <span class='ocr_line' id='line_1_6' title="bbox 389 1009 2327 1129; baseline 0 -31"><span class='ocrx_word' id='word_1_37' title='bbox 389 1009 426 1098; x_wconf 11' lang='lat' dir='ltr'><strong>v.</strong></span> <span class='ocrx_word' id='word_1_38' title='bbox 480 1038 595 1129; x_wconf 51' lang='lat' dir='ltr'><strong>⁸ed.</strong></span> <span class='ocrx_word' id='word_1_39' title='bbox 639 1038 831 1125; x_wconf 61' lang='lat' dir='ltr'><strong>Rekk.</strong></span> <span class='ocrx_word' id='word_1_40' title='bbox 883 1034 1179 1116; x_wconf 74' lang='grc' dir='ltr'><em>Φούλβιος</em></span> <span class='ocrx_word' id='word_1_41' title='bbox 1218 1039 1331 1099; x_wconf 88' lang='lat' dir='ltr'><strong>ubi</strong></span> <span class='ocrx_word' id='word_1_42' title='bbox 1372 1037 1437 1097; x_wconf 88' lang='lat' dir='ltr'><strong>in</strong></span> <span class='ocrx_word' id='word_1_43' title='bbox 1477 1039 1794 1099; x_wconf 83' lang='lat' dir='ltr'><strong>versione:</strong></span> <span class='ocrx_word' id='word_1_44' title='bbox 1836 1038 2091 1099; x_wconf 83' lang='lat' dir='ltr'><strong>Fulvius</strong></span> <span class='ocrx_word' id='word_1_45' title='bbox 2132 1039 2327 1099; x_wconf 90' lang='lat' dir='ltr'><strong>Nobi-</strong></span> 
     </span>
     <span class='ocr_line' id='line_1_7' title="bbox 491 1126 2330 1242; baseline 0.001 -28"><span class='ocrx_word' id='word_1_46' title='bbox 491 1155 634 1217; x_wconf 82' lang='lat' dir='ltr'><strong>lior.</strong></span> <span class='ocrx_word' id='word_1_47' title='bbox 699 1175 753 1217; x_wconf 86' lang='lat' dir='ltr'><strong>v.</strong></span> <span class='ocrx_word' id='word_1_48' title='bbox 820 1154 1004 1241; x_wconf 63' lang='lat' dir='ltr'><strong>Voss».</strong></span> <span class='ocrx_word' id='word_1_49' title='bbox 1055 1158 1133 1217; x_wconf 89' lang='lat' dir='ltr'><strong>de</strong></span> <span class='ocrx_word' id='word_1_50' title='bbox 1177 1149 1406 1217; x_wconf 85' lang='lat' dir='ltr'><strong>histor.</strong></span> <span class='ocrx_word' id='word_1_51' title='bbox 1452 1152 1602 1218; x_wconf 71' lang='lat' dir='ltr'><strong>Lat.</strong></span> <span class='ocrx_word' id='word_1_52' title='bbox 1638 1154 1722 1242; x_wconf 84' lang='lat'><strong>1,</strong></span> <span class='ocrx_word' id='word_1_53' title='bbox 1784 1156 1845 1219; x_wconf 78' lang='lat'><strong>5.</strong></span> <span class='ocrx_word' id='word_1_54' title='bbox 1878 1126 1953 1239; x_wconf 64' lang='lat' dir='ltr'><strong>⁸p.</strong></span> <span class='ocrx_word' id='word_1_55' title='bbox 1997 1155 2103 1219; x_wconf 78' lang='lat'><strong>25.</strong></span> <span class='ocrx_word' id='word_1_56' title='bbox 2163 1157 2330 1217; x_wconf 88' lang='lat' dir='ltr'><strong>Hinc</strong></span> 
     </span>
     <span class='ocr_line' id='line_1_8' title="bbox 490 1248 2330 1356; baseline 0.001 -22"><span class='ocrx_word' id='word_1_57' title='bbox 490 1274 821 1356; x_wconf 81' lang='lat' dir='ltr'><strong>probabile</strong></span> <span class='ocrx_word' id='word_1_58' title='bbox 863 1282 1004 1349; x_wconf 84' lang='lat' dir='ltr'><strong>est,</strong></span> <span class='ocrx_word' id='word_1_59' title='bbox 1067 1276 1317 1335; x_wconf 86' lang='lat' dir='ltr'><strong>Junium</strong></span> <span class='ocrx_word' id='word_1_60' title='bbox 1382 1276 1662 1355; x_wconf 86' lang='lat' dir='ltr'><strong>ejusdem</strong></span> <span class='ocrx_word' id='word_1_61' title='bbox 1707 1248 2057 1356; x_wconf 83' lang='lat' dir='ltr'><strong>argumenti</strong></span> <span class='ocrx_word' id='word_1_62' title='bbox 2098 1275 2330 1336; x_wconf 90' lang='lat' dir='ltr'><strong>librum</strong></span> 
     </span>
     <span class='ocr_line' id='line_1_9' title="bbox 493 1360 2327 1481; baseline -0.001 -28"><span class='ocrx_word' id='word_1_63' title='bbox 493 1393 949 1474; x_wconf 80' lang='lat' dir='ltr'><strong>composuisse,</strong></span> <span class='ocrx_word' id='word_1_64' title='bbox 982 1393 1102 1481; x_wconf 75' lang='lat' dir='ltr'><strong>sed</strong></span> <span class='ocrx_word' id='word_1_65' title='bbox 1143 1413 1504 1454; x_wconf 85' lang='lat' dir='ltr'><strong>asseverare</strong></span> <span class='ocrx_word' id='word_1_66' title='bbox 1534 1394 1768 1468; x_wconf 73' lang='lat' dir='ltr'><strong>nolim,</strong></span> <span class='ocrx_word' id='word_1_67' title='bbox 1807 1413 1993 1472; x_wconf 90' lang='lat' dir='ltr'><strong>quum</strong></span> <span class='ocrx_word' id='word_1_68' title='bbox 2033 1360 2327 1474; x_wconf 81' lang='lat' dir='ltr'><strong>profecto</strong></span> 
     </span>
     <span class='ocr_line' id='line_1_10' title="bbox 489 1511 2329 1599; baseline -0.001 -27"><span class='ocrx_word' id='word_1_69' title='bbox 489 1511 792 1591; x_wconf 81' lang='lat' dir='ltr'><strong>reliquiae</strong></span> <span class='ocrx_word' id='word_1_70' title='bbox 834 1512 992 1572; x_wconf 83' lang='lat' dir='ltr'><strong>tales</strong></span> <span class='ocrx_word' id='word_1_71' title='bbox 1036 1512 1192 1586; x_wconf 86' lang='lat' dir='ltr'><strong>sint,</strong></span> <span class='ocrx_word' id='word_1_72' title='bbox 1247 1517 1332 1599; x_wconf 35' lang='lat' dir='ltr'><strong>ut,</strong></span> <span class='ocrx_word' id='word_1_73' title='bbox 1372 1511 1438 1570; x_wconf 87' lang='lat' dir='ltr'><strong>in</strong></span> <span class='ocrx_word' id='word_1_74' title='bbox 1482 1531 1678 1592; x_wconf 90' lang='lat' dir='ltr'><strong>opere</strong></span> <span class='ocrx_word' id='word_1_75' title='bbox 1717 1512 2036 1572; x_wconf 88' lang='lat' dir='ltr'><strong>minimum</strong></span> <span class='ocrx_word' id='word_1_76' title='bbox 2079 1517 2329 1592; x_wconf 78' lang='lat' dir='ltr'><strong>septem</strong></span> 
     </span>
     <span class='ocr_line' id='line_1_11' title="bbox 489 1629 2333 1721; baseline 0 -33"><span class='ocrx_word' id='word_1_77' title='bbox 489 1629 683 1690; x_wconf 84' lang='lat' dir='ltr'><strong>libros</strong></span> <span class='ocrx_word' id='word_1_78' title='bbox 740 1629 1023 1721; x_wconf 78' lang='lat' dir='ltr'><strong>amplexo</strong></span> <span class='ocrx_word' id='word_1_79' title='bbox 1048 1662 1053 1667; x_wconf 88' lang='lat'><strong>·</strong></span> <span class='ocrx_word' id='word_1_80' title='bbox 1080 1630 1346 1709; x_wconf 82' lang='lat' dir='ltr'><strong>aliquem</strong></span> <span class='ocrx_word' id='word_1_81' title='bbox 1402 1630 1524 1700; x_wconf 78' lang='lat' dir='ltr'><strong>sibi</strong></span> <span class='ocrx_word' id='word_1_82' title='bbox 1567 1630 1773 1690; x_wconf 89' lang='lat' dir='ltr'><strong>locum</strong></span> <span class='ocrx_word' id='word_1_83' title='bbox 1808 1629 2135 1711; x_wconf 20' lang='lat' dir='ltr'><strong>*vindicare</strong></span> <span class='ocrx_word' id='word_1_84' title='bbox 2177 1646 2333 1709; x_wconf 82' lang='lat' dir='ltr'><strong>pos-</strong></span> 
     </span>
     <span class='ocr_line' id='line_1_12' title="bbox 489 1736 2330 1827; baseline -0.001 -19"><span class='ocrx_word' id='word_1_85' title='bbox 489 1748 615 1808; x_wconf 87' lang='lat' dir='ltr'><strong>sint</strong></span> <span class='ocrx_word' id='word_1_86' title='bbox 657 1736 860 1826; x_wconf 78' lang='lat' dir='ltr'><strong>neque</strong></span> <span class='ocrx_word' id='word_1_87' title='bbox 902 1766 1004 1807; x_wconf 87' lang='lat' dir='ltr'><strong>res</strong></span> <span class='ocrx_word' id='word_1_88' title='bbox 1047 1747 1139 1808; x_wconf 88' lang='lat' dir='ltr'><strong>ita</strong></span> <span class='ocrx_word' id='word_1_89' title='bbox 1196 1748 1616 1822; x_wconf 85' lang='lat' dir='ltr'><strong>abhorreant,</strong></span> <span class='ocrx_word' id='word_1_90' title='bbox 1684 1766 1841 1827; x_wconf 90' lang='lat' dir='ltr'><strong>quae</strong></span> <span class='ocrx_word' id='word_1_91' title='bbox 1906 1748 2074 1825; x_wconf 86' lang='lat' dir='ltr'><strong>nullo</strong></span> <span class='ocrx_word' id='word_1_92' title='bbox 2139 1747 2330 1806; x_wconf 90' lang='lat' dir='ltr'><strong>modo</strong></span> 
     </span>
     <span class='ocr_line' id='line_1_13' title="bbox 489 1865 2331 1949; baseline -0.002 -23"><span class='ocrx_word' id='word_1_93' title='bbox 489 1886 629 1926; x_wconf 88' lang='lat' dir='ltr'><strong>cum</strong></span> <span class='ocrx_word' id='word_1_94' title='bbox 671 1872 1036 1945; x_wconf 83' lang='lat' dir='ltr'><strong>argumento</strong></span> <span class='ocrx_word' id='word_1_95' title='bbox 1067 1866 1417 1927; x_wconf 85' lang='lat' dir='ltr'><strong>consociari</strong></span> <span class='ocrx_word' id='word_1_96' title='bbox 1448 1872 1699 1945; x_wconf 84' lang='lat' dir='ltr'><strong>queant.</strong></span> <span class='ocrx_word' id='word_1_97' title='bbox 1744 1865 2074 1926; x_wconf 84' lang='lat' dir='ltr'><strong>Uberrima</strong></span> <span class='ocrx_word' id='word_1_98' title='bbox 2096 1866 2331 1949; x_wconf 78' lang='lat' dir='ltr'><strong>quippe</strong></span> 
     </span>
     <span class='ocr_line' id='line_1_14' title="bbox 489 1971 2331 2072; baseline 0 -28"><span class='ocrx_word' id='word_1_99' title='bbox 489 1984 570 2044; x_wconf 89' lang='lat' dir='ltr'><strong>de</strong></span> <span class='ocrx_word' id='word_1_100' title='bbox 613 1983 1074 2063; x_wconf 80' lang='lat' dir='ltr'><strong>magistratibus</strong></span> <span class='ocrx_word' id='word_1_101' title='bbox 1122 1984 1458 2072; x_wconf 77' lang='lat' dir='ltr'><strong>disserenti</strong></span> <span class='ocrx_word' id='word_1_102' title='bbox 1502 1971 1715 2045; x_wconf 72' lang='lat' dir='ltr'><strong>oblata</strong></span> <span class='ocrx_word' id='word_1_103' title='bbox 1758 1995 1857 2044; x_wconf 87' lang='lat' dir='ltr'><strong>est</strong></span> <span class='ocrx_word' id='word_1_104' title='bbox 1893 1982 2331 2064; x_wconf 82' lang='lat' dir='ltr'><strong>opportunitas</strong></span> 
     </span>
     <span class='ocr_line' id='line_1_15' title="bbox 489 2076 2240 2185; baseline 0.001 -24"><span class='ocrx_word' id='word_1_105' title='bbox 489 2102 554 2162; x_wconf 90' lang='lat' dir='ltr'><strong>in</strong></span> <span class='ocrx_word' id='word_1_106' title='bbox 597 2121 814 2163; x_wconf 86' lang='lat' dir='ltr'><strong>omnes</strong></span> <span class='ocrx_word' id='word_1_107' title='bbox 855 2076 1361 2183; x_wconf 43' lang='lat' dir='ltr'><strong>populi³Romani</strong></span> <span class='ocrx_word' id='word_1_108' title='bbox 1400 2102 1800 2185; x_wconf 84' lang='lat' dir='ltr'><strong>antiquitates</strong></span> <span class='ocrx_word' id='word_1_109' title='bbox 1831 2101 2240 2183; x_wconf 83' lang='lat' dir='ltr'><strong>exspatiandi.</strong></span> 
     </span>
     <span class='ocr_line' id='line_1_16' title="bbox 658 2219 2333 2302; baseline 0 -21"><span class='ocrx_word' id='word_1_110' title='bbox 658 2221 796 2298; x_wconf 78' lang='lat' dir='ltr'><strong>Jam</strong></span> <span class='ocrx_word' id='word_1_111' title='bbox 838 2228 909 2283; x_wconf 90' lang='grc' dir='ltr'><strong>ιιι</strong></span> <span class='ocrx_word' id='word_1_112' title='bbox 949 2222 1290 2298; x_wconf 73' lang='lat' dir='ltr'><strong>videamu8‚</strong></span> <span class='ocrx_word' id='word_1_113' title='bbox 1337 2242 1456 2302; x_wconf 86' lang='lat' dir='ltr'><strong>qua</strong></span> <span class='ocrx_word' id='word_1_114' title='bbox 1498 2219 1877 2284; x_wconf 70' lang='lat' dir='ltr'><strong>auctoritate</strong></span> <span class='ocrx_word' id='word_1_115' title='bbox 1918 2221 2085 2281; x_wconf 90' lang='lat' dir='ltr'><strong>inter</strong></span> <span class='ocrx_word' id='word_1_116' title='bbox 2123 2239 2333 2301; x_wconf 88' lang='lat' dir='ltr'><strong>popu-</strong></span> 
     </span>
     <span class='ocr_line' id='line_1_17' title="bbox 484 2323 2334 2421; baseline 0 -22"><span class='ocrx_word' id='word_1_117' title='bbox 484 2340 653 2400; x_wconf 81' lang='lat' dir='ltr'><strong>lares</strong></span> <span class='ocrx_word' id='word_1_118' title='bbox 694 2339 915 2400; x_wconf 85' lang='lat' dir='ltr'><strong>Junius</strong></span> <span class='ocrx_word' id='word_1_119' title='bbox 961 2339 1193 2414; x_wconf 83' lang='lat' dir='ltr'><strong>fuerit,</strong></span> <span class='ocrx_word' id='word_1_120' title='bbox 1258 2341 1414 2401; x_wconf 84' lang='lat' dir='ltr'><strong>facit</strong></span> <span class='ocrx_word' id='word_1_121' title='bbox 1454 2341 1702 2401; x_wconf 84' lang='lat' dir='ltr'><strong>Rubino</strong></span> <span class='ocrx_word' id='word_1_122' title='bbox 1754 2361 1816 2421; x_wconf 90' lang='lat' dir='ltr'><strong>p.</strong></span> <span class='ocrx_word' id='word_1_123' title='bbox 1860 2337 2009 2414; x_wconf 78' lang='lat'><strong>519,</strong></span> <span class='ocrx_word' id='word_1_124' title='bbox 2053 2339 2159 2419; x_wconf 87' lang='lat' dir='ltr'><strong>qui</strong></span> <span class='ocrx_word' id='word_1_125' title='bbox 2201 2323 2334 2399; x_wconf 81' lang='lat' dir='ltr'><strong>non</strong></span> 
     </span>
    </p>
   </div>
   <div class='ocr_carea' id='block_1_3' title="bbox 389 2457 2330 2538">
    <p class='ocr_par' dir='ltr' id='par_1_3' title="bbox 389 2457 2330 2538">
     <span class='ocr_line' id='line_1_18' title="bbox 389 2457 2330 2538; baseline -0.001 -20"><span class='ocrx_word' id='word_1_126' title='bbox 389 2481 402 2496; x_wconf 80' lang='lat'><strong>.</strong></span> <span class='ocrx_word' id='word_1_127' title='bbox 452 2463 764 2537; x_wconf 74' lang='lat' dir='ltr'><strong>&#39;magnam</strong></span> <span class='ocrx_word' id='word_1_128' title='bbox 811 2457 872 2518; x_wconf 89' lang='lat' dir='ltr'><strong>ei</strong></span> <span class='ocrx_word' id='word_1_129' title='bbox 913 2458 1102 2517; x_wconf 88' lang='lat' dir='ltr'><strong>fidem</strong></span> <span class='ocrx_word' id='word_1_130' title='bbox 1146 2458 1446 2520; x_wconf 87' lang='lat' dir='ltr'><strong>tributam</strong></span> <span class='ocrx_word' id='word_1_131' title='bbox 1490 2478 1632 2520; x_wconf 80' lang='lat' dir='ltr'><strong>esse</strong></span> <span class='ocrx_word' id='word_1_132' title='bbox 1678 2466 1912 2532; x_wconf 76' lang='lat' dir='ltr'><strong>censet,</strong></span> <span class='ocrx_word' id='word_1_133' title='bbox 1959 2476 2143 2537; x_wconf 89' lang='lat' dir='ltr'><strong>quum</strong></span> <span class='ocrx_word' id='word_1_134' title='bbox 2186 2457 2330 2538; x_wconf 86' lang='lat' dir='ltr'><strong>ple-</strong></span> 
     </span>
    </p>
   </div>
   <div class='ocr_carea' id='block_1_4' title="bbox 408 2573 2332 3372">
    <p class='ocr_par' dir='ltr' id='par_1_4' title="bbox 408 2573 2332 3372">
     <span class='ocr_line' id='line_1_19' title="bbox 484 2573 2332 2657; baseline 0 -22"><span class='ocrx_word' id='word_1_135' title='bbox 484 2595 746 2655; x_wconf 90' lang='lat' dir='ltr'><strong>rumque</strong></span> <span class='ocrx_word' id='word_1_136' title='bbox 789 2576 1102 2637; x_wconf 88' lang='lat' dir='ltr'><strong>sententia</strong></span> <span class='ocrx_word' id='word_1_137' title='bbox 1146 2577 1279 2656; x_wconf 86' lang='lat' dir='ltr'><strong>ejus</strong></span> <span class='ocrx_word' id='word_1_138' title='bbox 1325 2576 1581 2657; x_wconf 83' lang='lat' dir='ltr'><strong>explosa</strong></span> <span class='ocrx_word' id='word_1_139' title='bbox 1624 2577 1708 2637; x_wconf 87' lang='lat' dir='ltr'><strong>sit</strong></span> <span class='ocrx_word' id='word_1_140' title='bbox 1751 2583 1816 2637; x_wconf 91' lang='lat' dir='ltr'><strong>et</strong></span> <span class='ocrx_word' id='word_1_141' title='bbox 1859 2575 2121 2656; x_wconf 87' lang='lat' dir='ltr'><strong>rejecta.</strong></span> <span class='ocrx_word' id='word_1_142' title='bbox 2194 2573 2332 2635; x_wconf 59' lang='lat' dir='ltr'><strong>ve„-</strong></span> 
     </span>
     <span class='ocr_line' id='line_1_20' title="bbox 481 2692 2331 2775; baseline -0.001 -21"><span class='ocrx_word' id='word_1_143' title='bbox 481 2712 621 2754; x_wconf 89' lang='lat' dir='ltr'><strong>rum</strong></span> <span class='ocrx_word' id='word_1_144' title='bbox 662 2692 736 2769; x_wconf 85' lang='lat' dir='ltr'><strong>is,</strong></span> <span class='ocrx_word' id='word_1_145' title='bbox 782 2695 956 2774; x_wconf 85' lang='lat' dir='ltr'><strong>eujus</strong></span> <span class='ocrx_word' id='word_1_146' title='bbox 1001 2693 1376 2756; x_wconf 81' lang='lat' dir='ltr'><strong>sententiam</strong></span> <span class='ocrx_word' id='word_1_147' title='bbox 1420 2693 1758 2759; x_wconf 86' lang='lat' dir='ltr'><strong>refellendi</strong></span> <span class='ocrx_word' id='word_1_148' title='bbox 1802 2693 1986 2755; x_wconf 83' lang='lat' dir='ltr'><strong>causa</strong></span> <span class='ocrx_word' id='word_1_149' title='bbox 2026 2694 2331 2775; x_wconf 88' lang='lat' dir='ltr'><strong>proponi-</strong></span> 
     </span>
     <span class='ocr_line' id='line_1_21' title="bbox 482 2809 2328 2891; baseline 0.001 -20"><span class='ocrx_word' id='word_1_150' title='bbox 482 2829 620 2871; x_wconf 86' lang='lat' dir='ltr'><strong>mus</strong></span> <span class='ocrx_word' id='word_1_151' title='bbox 643 2855 662 2886; x_wconf 90' lang='lat'><strong>,</strong></span> <span class='ocrx_word' id='word_1_152' title='bbox 725 2811 825 2871; x_wconf 86' lang='lat' dir='ltr'><strong>vel</strong></span> <span class='ocrx_word' id='word_1_153' title='bbox 868 2809 1014 2873; x_wconf 89' lang='lat' dir='ltr'><strong>ideo</strong></span> <span class='ocrx_word' id='word_1_154' title='bbox 1059 2813 1323 2891; x_wconf 88' lang='lat' dir='ltr'><strong>aliquam</strong></span> <span class='ocrx_word' id='word_1_155' title='bbox 1352 2813 1790 2874; x_wconf 83' lang='lat' dir='ltr'><strong>auctoritatem</strong></span> <span class='ocrx_word' id='word_1_156' title='bbox 1811 2818 2029 2874; x_wconf 83' lang='lat' dir='ltr'><strong>nactus</strong></span> <span class='ocrx_word' id='word_1_157' title='bbox 2053 2811 2328 2888; x_wconf 82' lang='lat' dir='ltr'><strong>videtur,</strong></span> 
     </span>
     <span class='ocr_line' id='line_1_22' title="bbox 485 2919 2328 3011; baseline 0 -20"><span class='ocrx_word' id='word_1_158' title='bbox 485 2929 651 3010; x_wconf 83' lang='lat' dir='ltr'><strong>quod</strong></span> <span class='ocrx_word' id='word_1_159' title='bbox 710 2929 929 3011; x_wconf 81' lang='lat' dir='ltr'><strong>dignus</strong></span> <span class='ocrx_word' id='word_1_160' title='bbox 981 2931 1094 3007; x_wconf 86' lang='lat' dir='ltr'><strong>sit,</strong></span> <span class='ocrx_word' id='word_1_161' title='bbox 1140 2932 1243 3011; x_wconf 90' lang='lat' dir='ltr'><strong>qui</strong></span> <span class='ocrx_word' id='word_1_162' title='bbox 1287 2931 1522 2993; x_wconf 86' lang='lat' dir='ltr'><strong>erroris</strong></span> <span class='ocrx_word' id='word_1_163' title='bbox 1567 2931 1989 2991; x_wconf 82' lang='lat' dir='ltr'><strong>convineatur.</strong></span> <span class='ocrx_word' id='word_1_164' title='bbox 2017 2919 2034 2942; x_wconf 77' lang='lat'><strong><em>¹</em></strong></span> <span class='ocrx_word' id='word_1_165' title='bbox 2077 2929 2328 2991; x_wconf 85' lang='lat' dir='ltr'><strong>Deinde</strong></span> 
     </span>
     <span class='ocr_line' id='line_1_23' title="bbox 408 3025 2324 3126; baseline 0.001 -20"><span class='ocrx_word' id='word_1_166' title='bbox 408 3033 413 3036; x_wconf 40' lang='lat'><em>⁷</em></span> <span class='ocrx_word' id='word_1_167' title='bbox 492 3046 764 3126; x_wconf 89' lang='lat' dir='ltr'><strong>quamvis</strong></span> <span class='ocrx_word' id='word_1_168' title='bbox 805 3028 1043 3110; x_wconf 22' lang='lat' dir='ltr'><strong>Ju-ni&#39;us*</strong></span> <span class='ocrx_word' id='word_1_169' title='bbox 1082 3050 1182 3110; x_wconf 83' lang='lat' dir='ltr'><strong>vix</strong></span> <span class='ocrx_word' id='word_1_170' title='bbox 1226 3025 1423 3111; x_wconf 79' lang='lat' dir='ltr'><strong>semel</strong></span> <span class='ocrx_word' id='word_1_171' title='bbox 1458 3056 1536 3110; x_wconf 81' lang='grc' dir='ltr'>ἐι</span> <span class='ocrx_word' id='word_1_172' title='bbox 1579 3050 1806 3110; x_wconf 87' lang='lat' dir='ltr'><strong>iterum</strong></span> <span class='ocrx_word' id='word_1_173' title='bbox 1851 3068 2022 3109; x_wconf 86' lang='lat' dir='ltr'><strong>suam</strong></span> <span class='ocrx_word' id='word_1_174' title='bbox 2067 3053 2324 3109; x_wconf 87' lang='lat' dir='ltr'><strong>senten-</strong></span> 
     </span>
     <span class='ocr_line' id='line_1_24' title="bbox 482 3165 2322 3247; baseline 0 -21"><span class='ocrx_word' id='word_1_175' title='bbox 482 3166 638 3226; x_wconf 84' lang='lat' dir='ltr'><strong>tiam</strong></span> <span class='ocrx_word' id='word_1_176' title='bbox 664 3165 803 3229; x_wconf 88' lang='lat' dir='ltr'><strong>aliis</strong></span> <span class='ocrx_word' id='word_1_177' title='bbox 835 3168 1133 3246; x_wconf 86' lang='lat' dir='ltr'><strong>probarit,</strong></span> <span class='ocrx_word' id='word_1_178' title='bbox 1178 3167 1324 3228; x_wconf 91' lang='lat' dir='ltr'><strong>inde</strong></span> <span class='ocrx_word' id='word_1_179' title='bbox 1369 3186 1496 3228; x_wconf 87' lang='lat' dir='ltr'><strong>non</strong></span> <span class='ocrx_word' id='word_1_180' title='bbox 1542 3174 1684 3228; x_wconf 85' lang='lat' dir='ltr'><strong>sunt</strong></span> <span class='ocrx_word' id='word_1_181' title='bbox 1726 3168 1919 3228; x_wconf 89' lang='lat' dir='ltr'><strong>multa</strong></span> <span class='ocrx_word' id='word_1_182' title='bbox 1948 3165 2322 3247; x_wconf 79' lang='lat' dir='ltr'><strong>colligenda.</strong></span> 
     </span>
     <span class='ocr_line' id='line_1_25' title="bbox 481 3266 2325 3372; baseline 0 -29"><span class='ocrx_word' id='word_1_183' title='bbox 481 3283 658 3345; x_wconf 85' lang='lat' dir='ltr'><strong>Fieri</strong></span> <span class='ocrx_word' id='word_1_184' title='bbox 703 3266 867 3346; x_wconf 75' lang='lat' dir='ltr'><strong>enini</strong></span> <span class='ocrx_word' id='word_1_185' title='bbox 910 3285 1133 3365; x_wconf 88' lang='lat' dir='ltr'><strong>potuit,</strong></span> <span class='ocrx_word' id='word_1_186' title='bbox 1179 3292 1248 3346; x_wconf 89' lang='grc' dir='ltr'><strong>ιιι</strong></span> <span class='ocrx_word' id='word_1_187' title='bbox 1291 3304 1405 3372; x_wconf 84' lang='lat' dir='ltr'><strong>nos</strong></span> <span class='ocrx_word' id='word_1_188' title='bbox 1452 3305 1562 3347; x_wconf 89' lang='lat' dir='ltr'><strong>eos</strong></span> <span class='ocrx_word' id='word_1_189' title='bbox 1601 3292 1838 3347; x_wconf 86' lang='lat' dir='ltr'><strong>tantum</strong></span> <span class='ocrx_word' id='word_1_190' title='bbox 1880 3285 2058 3346; x_wconf 85' lang='lat' dir='ltr'><strong>locos</strong></span> <span class='ocrx_word' id='word_1_191' title='bbox 2103 3289 2325 3344; x_wconf 87' lang='lat' dir='ltr'><strong>tenea-</strong></span> 
     </span>
    </p>
   </div>
   <div class='ocr_carea' id='block_1_5' title="bbox 364 3391 2326 3485">
    <p class='ocr_par' dir='ltr' id='par_1_5' title="bbox 364 3391 2326 3485">
     <span class='ocr_line' id='line_1_26' title="bbox 364 3391 2326 3485; baseline -0.003 -21"><span class='ocrx_word' id='word_1_192' title='bbox 364 3391 369 3392; x_wconf 10' lang='grc' dir='ltr'><strong><em>ἶ</em></strong></span> <span class='ocrx_word' id='word_1_193' title='bbox 479 3423 655 3479; x_wconf 85' lang='lat' dir='ltr'><strong>mus,</strong></span> <span class='ocrx_word' id='word_1_194' title='bbox 703 3405 922 3482; x_wconf 89' lang='lat' dir='ltr'><strong>quibus</strong></span> <span class='ocrx_word' id='word_1_195' title='bbox 966 3391 1387 3484; x_wconf 85' lang='lat' dir='ltr'><strong>reprehensus</strong></span> <span class='ocrx_word' id='word_1_196' title='bbox 1433 3409 1575 3479; x_wconf 84' lang='lat' dir='ltr'><strong>est,</strong></span> <span class='ocrx_word' id='word_1_197' title='bbox 1641 3402 1987 3485; x_wconf 85' lang='lat' dir='ltr'><strong>deperditis</strong></span> <span class='ocrx_word' id='word_1_198' title='bbox 2030 3402 2149 3476; x_wconf 82' lang='lat' dir='ltr'><strong>iis,</strong></span> <span class='ocrx_word' id='word_1_199' title='bbox 2213 3401 2326 3461; x_wconf 87' lang='lat' dir='ltr'><strong>ubi</strong></span> 
     </span>
    </p>
   </div>
   <div class='ocr_carea' id='block_1_6' title="bbox 482 3517 2324 3613">
    <p class='ocr_par' dir='ltr' id='par_1_6' title="bbox 482 3517 2324 3613">
     <span class='ocr_line' id='line_1_27' title="bbox 482 3517 2324 3613; baseline -0.003 -30"><span class='ocrx_word' id='word_1_200' title='bbox 482 3541 792 3583; x_wconf 79' lang='lat' dir='ltr'><strong>consensu</strong></span> <span class='ocrx_word' id='word_1_201' title='bbox 834 3523 1237 3599; x_wconf 83' lang='lat' dir='ltr'><strong>laudabatur,</strong></span> <span class='ocrx_word' id='word_1_202' title='bbox 1297 3519 1363 3583; x_wconf 85' lang='lat' dir='ltr'><strong>et</strong></span> <span class='ocrx_word' id='word_1_203' title='bbox 1405 3522 1680 3613; x_wconf 73' lang='lat' dir='ltr'><strong>fortasse</strong></span> <span class='ocrx_word' id='word_1_204' title='bbox 1722 3540 1848 3584; x_wconf 86' lang='lat' dir='ltr'><strong>non</strong></span> <span class='ocrx_word' id='word_1_205' title='bbox 1889 3521 2101 3602; x_wconf 77' lang='lat' dir='ltr'><strong>plures</strong></span> <span class='ocrx_word' id='word_1_206' title='bbox 2147 3517 2324 3598; x_wconf 83' lang='lat' dir='ltr'><strong>digni</strong></span> 
     </span>
    </p>
   </div>
   <div class='ocr_carea' id='block_1_7' title="bbox 480 3625 2319 3838">
    <p class='ocr_par' dir='ltr' id='par_1_7' title="bbox 480 3625 2319 3838">
     <span class='ocr_line' id='line_1_28' title="bbox 480 3625 1215 3723; baseline 0 -22"><span class='ocrx_word' id='word_1_207' title='bbox 480 3649 659 3703; x_wconf 85' lang='lat' dir='ltr'><strong>erant</strong></span> <span class='ocrx_word' id='word_1_208' title='bbox 700 3625 1215 3723; x_wconf 84' lang='lat' dir='ltr'><strong>reprehensione.</strong></span> 
     </span>
     <span class='ocr_line' id='line_1_29' title="bbox 602 3739 2319 3838; baseline -0.002 -18"><span class='ocrx_word' id='word_1_209' title='bbox 602 3757 883 3837; x_wconf 23' lang='lat' dir='ltr'><strong>‘Verum</strong></span> <span class='ocrx_word' id='word_1_210' title='bbox 949 3761 1074 3821; x_wconf 87' lang='lat' dir='ltr'><strong>hoe</strong></span> <span class='ocrx_word' id='word_1_211' title='bbox 1139 3760 1310 3821; x_wconf 85' lang='lat' dir='ltr'><strong>loco·&#39;</strong></span> <span class='ocrx_word' id='word_1_212' title='bbox 1348 3739 1652 3821; x_wconf 42' lang='lat' dir='ltr'><strong>nonnihil·</strong></span> <span class='ocrx_word' id='word_1_213' title='bbox 1695 3760 2189 3838; x_wconf 62' lang='lat' dir='ltr'><strong>dicendum‘est,</strong></span> <span class='ocrx_word' id='word_1_214' title='bbox 2237 3756 2319 3816; x_wconf 84' lang='lat' dir='ltr'><strong>de</strong></span> 
     </span>
    </p>
   </div>
  </div>
 </body>
</html>
