2605 4426
959 415 1039 427 ...-
1121 378 1208 443 55
1289 415 1376 426 ..-

247 566 641 630 incommodo
688 567 1067 629 subveniret.
1139 565 1370 630 Verum
1417 569 1580 629 enim
1621 540 1770 630 vero
1813 560 2084 651 proban-

172 657 181 665 ·
247 688 394 748 dum
419 693 576 764 erat,
620 685 788 765 quod
813 705 925 747 nos
952 685 1451 768 desperavimus,
1495 684 1589 747 Μ.
1633 684 1810 746 ἰΠιιιιι
1837 686 2083 787 Junium

242 824 373 867 non
417 804 677 866 differre
723 805 798 866 ab
841 804 1053 866 Junio
1062 803 1456 866 Gracchano.
1542 803 1786 865 Deinde
1828 804 1896 873 id
1938 804 2110 865 sciri

240 922 422 985 volo.
480 924 878 1003 quamobrem
924 929 1221 1003 queratur
1240 923 1529 1000 Atticus,
1573 924 1972 1004 magistratus
1999 921 2089 983 ita

242 1042 418 1104 omni
480 1041 710 1102 auxilio
776 1040 1112 1103 destitutos
1122 1087 1152 1117 „
1220 1047 1294 1104 nt
1358 1041 1439 1102 ad
1502 1042 1893 1123 apparitores
1940 1058 2130 1121 con-·⁴
2223 1098 2236 1105 -

214 1159 504 1238 -fugiant,
551 1179 735 1238 quum
761 1166 990 1238 ,tamen
1033 1160 1197 1221 liber
1239 1159 1510 1242 scriptus
1554 1165 1820 1243 extaret,
1853 1164 1930 1221 'et
1954 1159 2089 1238 qui-

236 1278 389 1338 dem
433 1276 770 1358 diligenter
813 1284 894 1364 et·
924 1278 1129 1359 perite
1173 1279 1512 1360 scriptus,‘
1539 1279 1645 1357 qni
1693 1279 1762 1339 in
1814 1277 2085 1339 omnium

237 1395 525 1456 manibus
590 1414 737 1457 esse
802 1397 1121 1459 debebat?
1207 1396 1390 1477 Apud
1460 1397 1732 1459 Gellium
1794 1397 1839 1459 l.
1882 1415 1935 1458 c.
2003 1396 2084 1457 de

237 1519 647 1575 controversa
690 1516 1077 1594 quaestione,
1127 1534 1204 1576 an
1246 1494 1606 1596 praefectus
1649 1516 1792 1577 urbi
1832 1513 2085 1577 Latina-

234 1650 379 1692 rum
435 1651 617 1693 causa
669 1641 915 1695 creatus
955 1633 1065 1712 jus
1119 1640 1371 1694 senatus
1428 1632 1808 1694 convocandi
1854 1652 2081 1694 consu-

186 1766 206 1783 *
231 1746 539 1830 lendique
559 1751 870 1826 habuerit,
891 1751 929 1811 J
933 1751 1081 1828 unii,
1098 1751 1201 1815 M.
1221 1750 1522 1814 Varronis
1545 1751 1807 1816 aliorum
1828 1757 2086 1814 senten-
2169 1832 2174 1840 ¹

231 1865 368 1927 tiae
389 1872 842 1947 proponuntur.
888 1865 975 1927 Et
997 1873 1426 1947 argumentum
1452 1867 1699 1948 quidem
1720 1867 1848 1930 tale
1873 1872 1992 1942 est,
2013 1873 2095 1959 ut?

233 1985 480 2066 optimo
514 1985 663 2065 jure
705 1980 884 2046 libris
930 1958 1010 2046 de
1053 1985 1474 2066 potestatibus
1516 1961 1730 2066 possit*
1762 1984 2083 2046 vindicari.

186 2102 191 2104 ’
236 2092 373 2164 Sed
394 2102 586 2164 liceat
602 2121 881 2197 monere,
902 2102 1071 2165 Junii
1094 2122 1320 2165 nomen
1340 2102 1465 2183 legi
1488 2100 1879 2166 emendatum
1902 2122 1936 2165 a
1958 2102 2085 2164 Ln-

235 2223 464 2285 dovico
491 2223 796 2284 carrione
815 2223 1107 2301 (Emend.
1135 2222 1208 2286 L.
1232 2219 1294 2285 1.
1321 2244 1376 2285 c.
1401 2220 1506 2287 19.
1529 2225 1595 2285 in
1612 2223 1871 2286 Gruteri
1892 2200 2080 2305 lamp.
2128 2194 2132 2198 ⁴

235 2342 384 2403 crit.
396 2339 475 2403 Τ.
488 2341 593 2404 111.
620 2363 683 2423 p.
699 2338 846 2444 iffi.
865 2347 993 2423 sq.)
1018 2362 1094 2403 ex
1108 2343 1427 2442 veteribus
1448 2343 1649 2419 libris,
1674 2344 1894 2425 utipse
1910 2362 2081 2404 asse-
2115 2431 2118 2432 γ

232 2466 443 2538 v,erat
508 2481 692 2542 quum
751 2469 955 2523 antea
976 2460 1173 2522 Mucii
1237 2469 1468 2522 nomen
1529 2468 1846 2523 exaratum
1889 2467 2081 2523 esset.

235 2581 404 2642 Sunt
442 2580 634 2661 igitur
674 2581 919 2641 infirma
963 2586 1029 2641 et
1069 2570 1387 2641 minimum
1415 2580 1707 2661 ambigua
1732 2579 2081 2640 Rubinonis

235 2700 637 2786 documenta.
722 2699 807 2760 At
850 2698 1013 2760 enim
1056 2695 1262 2780 potuit
1313 2717 1371 2760 v.
1420 2692 1484 2759 d.
1555 2715 1707 2761 suae
1770 2698 2080 2780 opinionis

235 2818 696 2877 firmamentum
739 2815 989 2896 aliquod
1035 2814 1285 2877 aliunde
1324 2797 1570 2896 petere.
1660 2816 1862 2894 Quum
1885 2816 2085 2878 omnis

237 2937 409 3016 vitae
456 2934 786 2997 *Romanae
851 2954 925 2996 ea
988 2934 1152 2997 ratio
1220 2940 1419 3009 esset,
1504 2942 1574 2996 ut
1646 2936 1907 3015 quisque
1966 2954 2084 2997 usu

239 3054 556 3129 disceret,
584 3053 853 3132 quibus
870 3071 1036 3135 opus
1070 3059 1208 3114 erat
1248 3053 1315 3113 in
1339 3053 1529 3114 rebus
1559 3051 2088 3129 administrandis,
2153 3031 2180 3060 ’ς

237 3183 430 3235 nemo
491 3179 702 3235 tamen
762 3181 1022 3255 prorsus
1083 3172 1422 3266 imparatus
1500 3170 1804 3233 accedere
1865 3179 2087 3252 posset

241 3292 328 3354 a'd
389 3308 650 3352 munera
713 3290 1020 3371 gerenda,
1092 3289 1351 3350 invaluit
1406 3307 1575 3363 mos,
1640 3308 1760 3368 quo
1814 3289 2082 3370 juvenes
2181 3357 2189 3362 ,

238 3411 444 3472 vitam
473 3410 784 3491 publicam
830 3411 1246 3501 auspicantes,
1290 3415 1434 3470 sese
1478 3408 1802 3470 traderent
1836 3407 2087 3476 institu-

238 3527 410 3591 tion‘i
460 3523 743 3610 ,virorum
806 3527 1095 3590 doctrina
1159 3526 1646 3608 expetentiaque
1722 3525 2083 3607 insignium,

245 3625 512 3728 quorum
555 3633 1005 3709 consuetudine
1034 3652 1102 3707 et
1128 3651 1433 3708 sermone·
1450 3624 1702 3726 cognitu
1730 3646 2086 3708 necessaria

243 3763 725 3848 pernoscerent.
789 3763 944 3825 „Sed
1002 3783 1077 3825 ea
1135 3762 1465 3844 dIsciplina
1525 3781 1732 3842 neque
1798 3762 2079 3825 omnibus

1469 3876 1513 3940 3
1542 3877 1578 3918 ιιι
