2605 4426
996 324 1486 396 ,ηεσ-

346 524 568 579 nostra
641 512 723 586 de
797 514 924 577 vita
996 513 1165 576 Junii
1244 508 1472 575 notitia
1546 510 1805 588 nitatur,
1893 517 1960 574 et
2019 509 2190 573 unde

344 623 474 698 alia
512 628 931 716 probabiliter
969 633 1216 717 possint
1257 631 1547 695 derivari.
1618 628 1897 692 Primum
1926 637 2191 714 apparet

340 753 597 816 Junium
659 753 828 817 circa
870 772 926 815 a.
969 773 1034 815 u.
1078 748 1232 815 650.
1277 750 1594 823 floruisse.
1647 770 1705 812 V.
1749 749 2054 812 Niebuhr.
2100 719 2217 811 HJ

339 868 425 933 R.
469 867 549 931 T.
593 866 643 931 1.
699 889 766 951 p.
809 864 960 930 277.
1048 865 1130 930 T.
1186 863 1253 929 2'.
1309 887 1378 949 p.
1435 864 1541 929 12.
1627 865 1967 930 Drumann.
2022 867 2068 930 l.
2121 886 2179 931 c.

342 986 427 1049 Τ.
469 986 578 1051 IV.
620 1008 684 1070 p.
728 984 793 1049 1.
877 985 1126 1048 Deinde
1170 986 1575 1068 superstitem
1617 985 1818 1048 fuisse
1862 986 1936 1048 C.
1983 985 2182 1047 Grac-

338 1107 466 1170 cho
526 1107 801 1188 probant
849 1104 1040 1191 Plinii
1101 1106 1335 1167 verba:
1400 1105 1646 1185 „idque
1711 1103 1954 1165 duravit
2018 1105 2179 1167 ultra

336 1222 418 1288 C.
466 1224 837 1287 Gracchum.
921 1224 1143 1286 Junius
1187 1229 1366 1286 certe
1410 1223 1516 1304 qui
1566 1223 1645 1284 ab
1704 1222 1977 1284 amicitia
2038 1224 2182 1305 ejus

338 1343 755 1434 Gracchanus⁴
788 1342 1133 1427 appellatus
1198 1322 1327 1418 est,
1391 1342 1697 1426 scriptum
1757 1341 2015 1422 reliquit
2075 1341 2180 1402 his

329 1461 613 1526 verbis.“
694 1461 918 1543 Neque
958 1462 1366 1525 adversantur
1406 1448 1786 1544 scriptorum
1818 1432 2179 1522 testimonia

234 1587 244 1591 ’
334 1581 425 1644 de
466 1587 638 1655 sorte
698 1581 967 1663 partium
1020 1580 1543 1643 Gracchanarum.
1577 1601 1582 1621 ·
1628 1580 1993 1660 Quanquam
2035 1597 2177 1641 cnm

334 1701 416 1764 G.
462 1701 753 1764 Graccho
796 1701 921 1762 tria
959 1698 1161 1762 millia
1221 1699 1436 1783 (Plut.
1492 1719 1549 1761 c.
1591 1696 1740 1777 17.)
1800 1706 1937 1778 ant,
2002 1698 2174 1779 qnod

330 1820 423 1881 ad
461 1818 787 1881 veritatem
826 1820 1085 1901 propius
1114 1818 1396 1897 accedit,
1439 1817 1696 1881 ducenti
1734 1794 2175 1900 quinquaginta

332 1935 563 2014 (Oros.
627 1938 729 2016 V,
782 1936 929 2018 12.)
983 1940 1407 2002 occubuerunt
1426 1967 1460 2016 ‚·
1515 1943 1728 2017 tamen
1800 1911 2172 2017 supererant

328 2020 517 2126 amici
578 2064 648 2121 et
708 2058 1006 2136 clientes,
1067 2058 1137 2128 in
1187 2075 1356 2142 quos
1395 2056 1650 2119 habitae
1691 2061 1840 2118 sunt
1882 2054 2171 2117 crudeles

328 2176 755 2257 quaestiones.
838 2175 1070 2242 Vellei.
1126 2175 1207 2241 11.
1261 2173 1327 2240 ⁷.
1384 2178 1455 2254 §-
1497 2172 1568 2239 5.
1626 2174 1892 2258 Appian.
1935 2169 2008 2251 1,
2060 2168 2173 2236 m.

328 2293 485 2357 sm.
525 2296 594 2360 h.
632 2295 694 2360 ι.
737 2293 845 2375 16,
883 2293 949 2359 2.
990 2293 1099 2375 51,
1139 2292 1204 2359 7.
1289 2287 1431 2359 val:
1473 2289 1644 2358 Mu.
1686 2293 1805 2371 vl,
1844 2290 1910 2371 5,
1951 2289 2017 2356 ι.
2062 2267 2171 2369 rx,

323 2407 450 2494 12,
501 2410 568 2478 (i.
634 2414 824 2479 Oros.
864 2412 934 2479 1.
974 2436 1033 2479 c.
1119 2413 1264 2478 Non
1302 2421 1484 2478 recte
1534 2432 1685 2477 vero
1725 2413 2064 2479 Rubinol.
2108 2433 2163 2477 c.

323 2551 394 2614 Ρ.
433 2530 583 2599 521.
646 2537 749 2601 his
792 2537 1227 2601 Gracchanum
1290 2558 1545 2619 quoque
1582 2539 1923 2650 obnoxium
1962 2535 2164 2599 fuisse

320 2651 635 2733 opinatur.
718 2652 878 2715 Nam
920 2654 1318 2716 crudelitatis
1360 2641 1767 2736 vocabulum,
1826 2641 1949 2735 quo
2004 2654 2170 2715 haec·

303 2770 556 2853 judicia
593 2770 882 2854 Vellejus
937 2772 1306 2857 appellarit,
1359 2792 1486 2837 non
1543 2747 1912 2852 erraverim,
1968 2772 2026 2836 si
2080 2772 2162 2834 ad

313 2888 626 2970 supplicia
687 2888 947 2952 decreta
1007 2889 1337 2971 pertinere
1404 2889 1629 2954 dicam.
1717 2875 2029 2996 ἱΔὶίίέξιικιιι
2052 2919 2058 2928 ·
2084 2907 2162 2949 ex

315 3003 637 3095 sententia
695 3001 1048 3067 Rubinonis
1109 3004 1270 3068 haec
1332 3004 1509 3069 illata
1583 3003 1813 3087 injuria
1879 2997 2164 3088 perpulit

314 3121 748 3186 Gracchanum
780 3128 862 3185 -nt
902 3123 1215 3186 scriberet
1258 3142 1364 3201 ea,
1418 3142 1606 3205 quae·
1641 3093 1918 3187 servavit
1974 3125 2161 3200 nobis

311 3240 621 3324 Ulpianus
662 3243 745 3304 in
793 3241 937 3325 Dig.
994 3241 1041 3305 1.
1097 3239 1175 3305 1.
1229 3250 1280 3306 t.
1334 3239 1443 3307 15.
1530 3242 1696 3305 Mihi
1757 3243 1953 3326 magis
2015 3243 2154 3305 veri

310 3359 521 3424 simile
564 3368 695 3438 est,
735 3361 991 3424 Juninm
1033 3362 1228 3426 exilio
1269 3363 1537 3426 salutem
1575 3364 1909 3446 petivisse,
1970 3383 2153 3427 acce-

310 3462 510 3539 dente
553 3476 838 3541 Sallustii
877 3478 1237 3542 testimonio
1281 3479 1346 3550 b.
1388 3480 1449 3544 J.
1490 3477 1614 3559 42,
1653 3477 1762 3544 ka
1805 3479 2046 3563 „Igitur
2074 3502 2151 3547 ea

308 3595 579 3658 victoria
616 3596 915 3660 nobilitas
957 3615 1037 3659 ex
1074 3596 1359 3661 lubidine
1399 3617 1512 3664 sua
1551 3617 1662 3664 usa
1708 3601 1941 3666 multos
1976 3619 2145 3667 mor·

308 3711 458 3784 tull·
497 3713 674 3780 ferro
714 3721 825 3779 aut
864 3713 1014 3799 fuga
1054 3698 1415 3782 exstinkit.“
