2605 4426
482 561 658 641 ipsae
700 564 808 621 aut
847 576 1009 638 aqna
1048 564 1156 619 aut
1194 562 1416 641 pruina
1460 566 1567 622 aut
1607 556 1849 619 nivibus
1891 568 2328 641 contegantur,

488 696 684 757 eaque
713 676 918 738 omnia
944 694 1173 752 verno,
1215 676 1441 751 idest,
1483 676 1609 737 hoc
1653 693 1899 752 mense,
1933 680 2324 759 aperiantur,

490 798 749 857 arboren
794 812 1040 874 quoque
1104 814 1221 857 nec
1284 794 1488 855 minus
1553 799 1768 854 cetera
1826 814 1983 873 quae
2044 794 2330 857 continet

487 922 656 975 terra
700 912 948 994 aperire
992 931 1062 973 se
1104 913 1169 972 in
1211 929 1468 991 germen
1509 910 1850 991 incipiant:
1893 913 1970 973 ab
1997 913 2095 973 his
2125 911 2328 972 omni-

486 1032 604 1094 bus
668 1048 943 1092 mensem
986 1025 1271 1112 Aprilem
1336 1029 1464 1091 dici
1517 1029 1743 1089 merito
1793 1030 2178 1091 credendum
2219 1036 2330 1090 est

489 1149 664 1230 quasi
706 1147 1036 1229 aperilem,
1080 1147 1242 1209 sicut
1270 1146 1436 1228 apud
1462 1124 1888 1208 Athenienees
1915 1144 2330 1232 ἂνθεστηριῶν

489 1268 656 1327 idem
722 1263 955 1326 mensis
1019 1273 1281 1326 vocatur
1346 1265 1421 1325 ab
1488 1282 1565 1325 eo
1630 1263 1799 1342 quod
1860 1265 1987 1327 hoc
2039 1272 2330 1345 tempore

492 1391 712 1446 cuncta
751 1382 1158 1461 florencaptf‘
1241 1381 1413 1442 Duos
1456 1400 1708 1444 errores
1746 1366 2000 1444 tollam:
2064 1384 2330 1444 alterum

493 1501 799 1581 Scaligeri
842 1499 921 1561 ad
957 1497 1138 1561 Varr.
1180 1498 1290 1575 Vl,
1332 1498 1395 1562 4.
1442 1499 1577 1571 [ed.
1621 1501 1761 1579 Bip.
1808 1498 1887 1563 T.
1931 1498 1995 1562 2.
2041 1522 2103 1582 p.
2145 1497 2330 1591 156.)

492 1619 866 1681 scribentis:
911 1615 1062 1695 „Sic
1107 1624 1172 1679 et
1212 1616 1453 1680 Arnob.
1497 1616 1607 1678 lib.
1652 1616 1707 1677 11
1751 1638 1867 1679 nec
1908 1613 2168 1679 Veneriis
2208 1636 2333 1689 nee

493 1738 814 1819 Apollinis
856 1736 1236 1797 mentionem
1279 1734 1512 1796 factam
1558 1754 1701 1796 esse
1739 1738 1804 1796 in
1830 1735 2068 1796 Numae
2103 1736 2334 1816 indigi-

495 1855 793 1917 tamentis
857 1852 1194 1935 testatur.“
1310 1851 1614 1914 Nimirum
1680 1873 1779 1935 ap.
1840 1853 2076 1929 Arnob‘.
2140 1854 2185 1915 l.
2251 1852 2334 1925 ll.

495 1993 550 2034 ο.
594 1970 701 2035 75.
747 1971 826 2034 Τ.
871 1968 933 2032 1.
979 1992 1044 2053 p.
1090 1967 1237 2033 105.
1284 1971 1388 2031 ed.
1435 1970 1630 2061 Oreli.
1673 1971 1833 2032 haec
1864 1978 2100 2033 tantum
2131 1971 2288 2052 legis
2315 1992 2335 2033 =

496 2091 680 2167 „Non
739 2089 1069 2150 doctorum
1135 2090 1200 2148 in
1263 2090 1494 2149 litteris
1558 2090 1954 2189 continetur,
2013 2068 2342 2172 Apollinis

496 2215 721 2272 nomen
743 2205 1130 2289 Pompiliana
1151 2206 1622 2289 indigitamenta
1646 2209 1890 2280 nescire
1903 2209 1980 2269 ‘.²“
2020 2228 2079 2270 v.
2108 2208 2339 2271 Goett·

496 2329 646 2408 ling.
711 2349 772 2409 p.
842 2323 999 2403 195,
1062 2322 1172 2408 6.;
1233 2326 1501 2386 alterum
1569 2327 1880 2399 commisit
1940 2326 2333 2391 Macrobius,

488 2443 929 2532 Ἀνθεστηριών
989 2445 1154 2506 enim
1211 2446 1422 2526 potius
1480 2444 1765 2524 congruit
1804 2447 1944 2505 'cum
1987 2446 2340 2508 Februario

443 2631 447 2635 ,
496 2583 554 2624 v.
607 2561 990 2626 Pontedera.
1042 2552 1192 2625 Ant.
1249 2562 1619 2644 graec-lat.
1676 2582 1777 2643 ep.
1826 2562 2020 2624 xxu.
2077 2583 2142 2645 p.
2184 2560 2339 2625 227.

417 2711 443 2729 ·
500 2681 803 2763 stephan.
880 2687 1128 2748 tractat.
1208 2680 1289 2741 de
1363 2681 1560 2741 mena.
1636 2689 1702 2742 et
1779 2682 2005 2761 partib.
2072 2682 2340 2762 eorund.

498 2796 728 2860 Ideler.
786 2798 1035 2863 Handb.
1095 2798 1158 2859 d.
1216 2797 1452 2859 Chron.
1513 2796 1592 2858 Τ.
1636 2796 1699 2859 2.
1756 2819 1819 2879 p.
1862 2796 1969 2862 48.
2054 2798 2344 2881 Duplicis
2393 2859 2400 2864 .

503 2916 935 2996 originationis
963 2916 1247 2978 meminit
1275 2915 1712 2977 calendarium
1738 2915 2208 2979 Praenestinum
2240 2938 2346 3000 ap.

503 3033 699 3095 Orell.
745 3032 944 3098 Inscr.
989 3031 1069 3096 T.
1114 3032 1178 3095 2.
1221 3054 1285 3117 p.
1329 3031 1481 3097 588.

675 3196 690 3213 .
726 3195 745 3233 .
783 3195 799 3213 .
836 3195 852 3212 .
887 3194 905 3212 .
951 3151 1230 3216 VINIRI.
1295 3151 1545 3230 QVOD.
1610 3153 1742 3214 ΕΑ.
1812 3152 2017 3217 CVM.
2066 3197 2344 3218 ......

502 3271 611 3333 ΑΕ
657 3268 906 3331 REGIS
926 3313 1184 3332 ......
1225 3270 1380 3333 VM.
1457 3271 1513 3332 A
1556 3269 1728 3349 QVO
1791 3270 1866 3334 P.
1908 3271 1987 3333 R.
2032 3270 2346 3335 ORTVS.

503 3387 894 3452 ΕΗᾸΒΕ.
960 3367 1159 3467 qvm
1201 3388 1561 3477 FRYGES.
1626 3369 2350 3470 FLORESJXA‘NIMA-

505 3506 813 3586 LIAQVE
899 3502 1035 3596 Ac*
1095 3505 1361 3568 MARIA
1458 3506 1595 3568 ET.
1710 3505 2049 3569 TERRAE
2144 3508 2348 3569 ΑΡΕ-

506 3622 887 3690 RIVNTVR
1186 3600 1193 3606 ’

509 3747 730 3827 quibu·
772 3745 861 3806 ita
901 3742 1251 3823 suppletur⁸
1300 3765 1362 3823 p.
1408 3741 1597 3833 410..
1664 3744 1937 3824 „Aprilis
2001 3765 2036 3807 a
2094 3743 2353 3808 Venere
