2605 4426
1013 429 1090 440 -n—
1146 430 1148 437 >
1175 389 1261 458 Q
1349 426 1425 439 —O
1493 431 1498 438 n

297 584 389 645 ad
429 579 563 645 cic.
607 580 690 646 de
730 584 854 664 leg.
897 580 999 658 111,
1041 580 1146 644 20.
1189 583 1441 644 Juninm
1487 584 1665 644 illum*
1712 584 2138 646 Gracchanum

300 721 481 777 esse,
525 720 729 782 neque
769 701 1084 791 probavit,
1127 720 1331 780 neque
1374 700 1645 764 fortasse
1689 703 1754 763 in
1796 703 2000 764 animo
2030 703 2140 764 ha·
2259 716 2262 719 ’

295 821 444 883 buit
467 821 928 896 demonstrare,
973 820 1084 880 sed
1119 821 1527 900 conjecerunt
1553 821 1620 881 id
1649 821 1785 894 alii,
1827 821 2139 883 immerito

246 974 253 979 ·
302 940 448 1020 ejus
485 939 582 1000 rei
625 944 846 999 auctor
886 945 1142 1023 vocatur
1180 938 1503 1001 Ernestio.
1588 936 1971 1003 Alioautem
1996 940 2140 1001 loco

294 1059 470 1119 -hanc
510 1057 884 1147 ententiam
929 1059 1004 1118 ab
1048 1077 1127 1118 eo
1173 1078 1316 1118 esse
1358 1058 1665 1139 prolatam
1705 1077 1787 1118 ne
1816 1058 2141 1121 credamus

300 1182 482 1237 vetat
543 1175 745 1258 praef.
798 1176 1067 1238 Graevii.
1127 1198 1189 1257 p.
1232 1173 1339 1239 18.
1370 1197 1415 1236 :·
1454 1176 1751 1258 „Accipis
1819 1177 2026 1237 etiam¹
2067 1194 2145 1237 ex

297 1296 565 1357 Joannis
586 1263 964 1371 Passeratii,
989 1295 1283 1357 Doctoris
1326 1295 1507 1374 Regii
1548 1294 1923 1360 Parisiensis
1964 1293 2140 1354 nobi-

301 1414 533 1476 lissimi
573 1420 639 1475 et
680 1414 883 1492 magui
926 1396 1194 1474 nominis
1239 1414 1772 1494 disputationibus
1815 1413 2144 1475 Academi-

306 1534 407 1594 cis
449 1551 633 1593 manu
661 1532 931 1594 exaratis
963 1539 1255 1613 excerpta
1282 1506 1349 1593 in
1378 1533 1697 1594 orationes
1725 1551 1839 1612 pro
1870 1532 2145 1609 Quintio,

305 1668 430 1732 pro
469 1650 703 1714 Roscio
745 1649 1070 1726 Amerino,
1121 1670 1247 1732 pro
1305 1642 1604 1726 Caecina,
1669 1670 1786 1730 pro
1849 1651 2146 1726 Murena,
2183 1679 2188 1684 ⁴

302 1787 431 1851 pro
474 1769 726 1846 Flacco,
789 1788 908 1850 pro
963 1768 1198 1830 Archia
1248 1774 1317 1830 et
1365 1770 1431 1830 in
1485 1766 1820 1831 Vatinium.
1906 1769 2003 1830 Ex
2042 1770 2145 1833 his

307 1907 394 1950 ea
443 1865 682 1949 tantum
738 1887 968 1970 selegi,
1033 1873 1189 1967 qnae
1231 1886 1551 1950 faciebant
1591 1887 1671 1948 ad
1714 1887 2146 1951 illustrandum

307 2003 728 2084 Ciceronem,
792 1997 902 2068 aut
959 2003 1171 2067 Latini
1232 2006 1543 2067 sermonis
1608 2007 2022 2069 subtilitatem
2085 2016 2153 2072 et

307 2124 717 2205 elegantiam,
778 2124 957 2206 cujus
1002 2130 1140 2187 erat
1178 2124 1642 2206 peritissimus,
1699 2125 2147 2208 explicandam.

306 2243 580 2327 Reliqua
632 2262 792 2328 quse
854 2242 1106 2324 quidem
1167 2244 1346 2306 utilia
1409 2250 1555 2307 suant
1617 2245 1969 2326 tyronibus,
2034 2247 2152 2309 sed

311 2382 478 2444 quae
517 2364 584 2425 in
623 2369 798 2426 tanta
836 2363 980 2425 luce
1018 2364 1347 2427 literarum
1389 2382 1553 2425 nuuc
1597 2365 1702 2425 edi
1758 2363 1960 2425 nollet
2000 2383 2151 2427 sane

309 2480 742 2564 Passeratius,
807 2482 1056 2545 omisi.“
1161 2482 1448 2545 Ernestii
1512 2491 1694 2543 error
1754 2502 1872 2564 per
1935 2501 2151 2546 omnes

311 2600 506 2663 clavis
530 2641 535 2652 ff
569 2588 1019 2670 Ciceronianae
1080 2601 1398 2665 editiones
1471 2582 1847 2683 propagatus
1923 2608 2023 2663 est
2085 2607 2154 2663 et

309 2719 576 2800 irrepsit
616 2721 775 2782 adeo
830 2720 899 2782 in
941 2719 1392 2783 Onomasticon
1433 2718 1789 2783 Tullianum
1832 2717 2031 2781 Orell.
2058 2703 2065 2709 ’
2096 2738 2152 2783 ν.

312 2835 413 2900 Μ.
454 2837 677 2901 Junius
721 2837 802 2902 Τ.
844 2837 909 2901 2.
961 2862 1027 2923 p.
1069 2836 1219 2902 316.
1309 2838 1673 2902 Orationem
1705 2855 1841 2920 ‘pro
1894 2838 2156 2916 Quintio

314 2955 546 3020 Cicero
588 2956 808 3020 habuit
850 2978 907 3021 a.
952 2977 1016 3020 u.
1063 2977 1121 3024 c.
1161 2955 1313 3020 672.
1397 2954 1473 3020 C.
1532 2963 1748 3020 autem
1806 2956 2155 3035 Gracchus,

315 3076 500 3157 cujus
562 3076 883 3156 aequalem
923 3075 1176 3139 Junium
1230 3076 1659 3150 Gracchanum
1721 3076 1923 3137 fuisse
1987 3096 2156 3138 com-

310 3195 628 3277 perimus,
680 3195 994 3259 occubuit.
1051 3215 1110 3258 a.
1156 3215 1219 3258 u.
1265 3215 1323 3259 c.
1364 3192 1517 3257 652.
1565 3213 1758 3256 annos
1815 3199 1995 3256 natus
2040 3195 2154 3256 tri-

246 3395 253 3404 *
313 3312 492 3393 ginta
547 3319 705 3376 tres.
792 3314 1015 3378 Junius
1078 3314 1271 3395 igitur
1330 3313 1562 3376 fuisset
1614 3311 2155 3395 septuagenarius,

304 3449 705 3513 operamque
742 3407 1031 3510 dedisset
1080 3425 1271 3495 rebus
1336 3431 1696 3495 forensibus
1711 3475 1731 3507 ,
1795 3430 2158 3512 crebrisque

316 3548 507 3613 simul
533 3557 817 3630 vacasset
840 3551 1314 3636 legationibus,
1343 3549 1512 3632 quod
1536 3568 1757 3631 parum
1783 3549 1978 3612 habet
2010 3569 2156 3631 pro-

315 3665 688 3733 babilitatis.
774 3664 986 3751 Atque
1039 3670 1166 3733 hoc
1216 3675 1551 3733 senserunt
1603 3673 1748 3732 ante
1802 3687 1917 3732 nos
1959 3667 2037 3731 F.
2081 3668 2159 3730 G.

315 3783 588 3862 wolfius
629 3786 843 3862 (Neue
885 3787 1178 3870 Sammlg.
1222 3788 1657 3896 auserlesener
1688 3773 1910 3892 Redeo
1951 3786 2015 3847 d.
2062 3784 2155 3850 Μ.
