2605 4426
498 250 516 293 Χ

566 294 589 303 ”
1162 344 1578 407 -14-

447 548 615 607 mua,
670 534 773 595 ubi
815 539 1027 601 tamen
1071 533 1329 595 codices
1377 537 1442 594 et
1486 532 1798 596 editiones
1841 543 2089 600 veteres
2136 557 2286 600 con·
2353 604 2360 607 ,

405 674 414 689 ·
447 634 726 724 sentiunt
771 653 836 715 in
880 652 1147 714 tutanda
1177 652 1455 713 lectione
1498 652 1742 732 vulgata
1764 700 1781 729 ,
1843 662 2099 736 praeter
2139 659 2280 719 cod.

445 766 864 834 Parisienaem
916 769 955 829 b
992 771 1066 832 in
1129 788 1250 850 quo
1294 775 1429 832 est:
1469 773 1689 832 invem·
1726 770 1998 836 Mune-⁸⁰2⁹.
2046 775 2279 856 Speng.

440 908 504 969 ιι.
547 885 699 952 695.
743 889 975 951 Nostra
1014 907 1169 951 vero
1212 892 1523 952 sententia
1565 897 1637 952 ut
1677 892 2089 974 perspiciatur
2121 912 2280 975 opus

438 1007 566 1068 >erit
605 1027 909 1087 quaerere
933 988 983 1083 ,¹
1016 1026 1197 1087 quam
1260 1009 1572 1069 rationem
1628 1007 1826 1071 Varro
1891 1012 1957 1072 in
2008 1012 2279 1074 testibus
2326 992 2333 1008 ’

436 1125 865 1206 nuncupandis
892 1126 1113 1187 solitus
1141 1127 1227 1207 sit
1255 1126 1454 1204 sequi.
1522 1125 1787 1189 Utamur
1808 1129 1889 1190 de
1910 1131 1952 1191 l.
1979 1128 2051 1192 1..
2076 1129 2276 1205 libris,

437 1261 694 1323 quorum
738 1242 1004 1307 formam
1028 1243 1351 1326 Spengelii
1395 1250 1463 1306 et
1482 1245 1776 1307 Mueller-i
1821 1247 2145 1328 diligentia
2184 1250 2277 1309 ita

435 1360 803 1438 constituit,
867 1371 937 1424 ut
1001 1362 1403 1442 quaestiones
1469 1364 1723 1425 criticae
1788 1368 1982 1427 tutius
2029 1366 2275 1429 institui

277 1478 297 1494 “
432 1480 698 1561 possint,
743 1497 926 1560 quam
970 1481 1036 1542 in
1076 1480 1257 1541 libris
1301 1480 1383 1541 de
1426 1500 1480 1541 r.
1510 1501 1561 1540 r.
1606 1482 1705 1543 vel
1725 1490 1874 1564 post
1897 1483 2275 1557 Schneideri
2374 1516 2378 1520 ·

433 1617 610 1660 curas
651 1598 1086 1661 retractandis.
1129 1619 1188 1659 v.
1235 1563 1459 1660 Muell.
1514 1602 1582 1660 in
1624 1603 1824 1681 praes.
1871 1624 1940 1683 ιι.
1965 1600 2267 1667 XXXIV.

427 1716 569 1778 Non
611 1724 854 1779 temere
897 1725 1105 1781 antem
1149 1718 1214 1779 in
1256 1719 1358 1779 his
1402 1736 1649 1798 quoque
1691 1717 1960 1791 Varroni
2007 1720 2272 1802 diligen-

426 1836 581 1898 tiam
647 1837 1024 1917 singularem
1084 1836 1368 1899 tribuere
1430 1836 1652 1899 licebit
1672 1884 1689 1914 ,
1759 1859 1945 1918 quem
1988 1842 2275 1902 novimus

426 1954 668 2017 fabulas
708 1953 1027 2019 Plautinas
1069 1961 1139 2016 et
1163 1954 1508 2016 Naevianus
1550 1974 1630 2018 ex
1656 1956 1997 2047 'literarum
2048 1958 2273 2020 ordine

426 2073 832 2155 disposuisse.
876 2093 936 2135 v.
957 2071 1180 2159 Muell.
1227 2072 1309 2135 ad
1330 2070 1513 2136 Varr.
1536 2075 1578 2135 l.
1604 2073 1738 2137 vll.
1763 2077 1830 2152 S.
1854 2072 2001 2138 107.
2024 2098 2089 2159 ιι.
2113 2072 2264 2138 165.

425 2191 908 2256 Commentariis
951 2190 1223 2255 addend.
1268 2213 1332 2274 ιι.
1374 2188 1525 2255 505.
1570 2210 1664 2275 sq.
1727 2193 2020 2286 Eundem
2060 2194 2268 2257 brevi-

422 2310 541 2390 tati
591 2310 763 2392 haud
814 2330 1073 2393 parvum
1129 2311 1494 2374 studentem
1545 2312 1872 2374 verissime
1916 2314 2268 2390 observavit

422 2428 795 2512 Spengelius
833 2432 905 2492 in
944 2431 1149 2513 praef.
1213 2452 1277 2513 ιι.
1320 2428 1485 2492 LIV.
1552 2448 1674 2492 uno
1738 2431 1967 2511 ubique
2014 2432 2266 2493 nomine

420 2554 785 2661 contentum
847 2568 1013 2612 esse.
1123 2548 1319 2632 Cujus
1370 2556 1714 2632 praecepto
1759 2568 1917 2630 quae
1958 2548 2265 2631 refragari
2385 2629 2422 2642 ..

394 2655 550 2731 'risa
589 2674 735 2731 sunt
774 2631 1101 2750 exempla,
1143 2666 1222 2745 V,
1260 2664 1371 2730 15.
1416 2689 1480 2749 ιι.
1504 2664 1613 2731 87.
1670 2667 1976 2730 Scaevola
1997 2668 2260 2745 Quintus

416 2784 735 2849 Pontufex
776 2785 1086 2850 Maximus
1118 2794 1186 2848 et
1228 2784 1308 2872 V,
1352 2783 1458 2870 41.
1504 2806 1570 2872 ιι.
1613 2783 1783 2866 148
1828 2805 2078 2848 eorum
2063 2785 2259 2869 prius

417 2910 593 2974 certe
646 2905 960 2988 ejusmodi
1011 2923 1185 2982 esse,
1250 2905 1362 2966 ubi
1409 2922 1513 2966 res
1558 2904 1860 2985 quaedam
1903 2904 2259 2966 necessario
2317 2967 2320 2976 ⁴

414 3022 696 3102 additum
735 3041 965 3094 nomen
1007 2985 1340 3105 flagitaret,
1385 3021 1603 3088 docuit
1645 3022 1884 3133 optime
1908 3019 2258 3115 Muellerus

410 3142 479 3205 in
519 3141 792 3204 addend.
833 3162 898 3226 ιι.
939 3138 1137 3230 500.,
1194 3141 1504 3232 alterum,
1570 3122 1772 3234 quum
1798 3139 1880 3200 ad
1895 3107 2258 3232 ancipitem
2331 3129 2332 3132 ¹

406 3260 579 3342 illam
609 3261 1059 3342 quaestionem,
1088 3277 1275 3342 quam
1299 3278 1383 3322 ne
1410 3257 1757 3330 Muellerus
1789 3257 2041 3338 quidem
2071 3253 2252 3326 ausus

409 3385 541 3456 este
577 3380 910 3464 dirimere,
977 3380 1057 3442 de
1112 3377 1195 3454 L.
1236 3378 1438 3470 -Aelio
1481 3378 1616 3439 sive
1662 3376 1960 3440 Cornelio
2004 3376 2254 3439 Stilone

402 3499 726 3584 pertineat
746 3546 785 3578 ,7
828 3518 989 3578 nuuc
1038 3498 1276 3588 ,melius
1325 3497 1900 3580 =praetermittatur.
1987 3495 2254 3564 Accedit

408 3616 787 3697 quamtmihi
829 3618 1049 3681 videor
1095 3618 1377 3700 vidisse,
1441 3616 1638 3679 altera
1704 3635 1918 3687 causa.
1992 3614 2249 3677 Etenim

404 3730 606 3797 Varro
649 3717 719 3798 in
757 3719 937 3799 libris
981 3736 1065 3799 de
1104 3735 1150 3798 1.
1195 3734 1292 3812 L,
1323 3754 1513 3815 nuos,
1554 3735 1725 3799 varia
1768 3733 2053 3800 doctrina
2097 3750 2249 3806 con-
