2605 4426
1000 446 1085 458 ...
1168 412 1419 497 19,-

283 605 670 680 movisset,“
728 558 810 664 de
855 602 1156 688 consolat.
1204 599 1286 663 ad
1327 596 1524 661 Marc.
1570 619 1626 662 c.
1670 596 1797 664 16:
1835 599 2130 702 „Livium

284 724 553 785 Drusum
617 754 697 766 --·
762 720 1095 782 vadentem
1164 739 1282 801 per
1348 718 1713 781 Gracchana
1782 719 2123 799 vestigia.“

284 826 425 904 Val.
469 841 638 902 Max.
684 837 746 917 1.,
790 837 854 902 1.
902 860 964 901 ιι.
1010 838 1093 901 1:
1160 838 1589 919 „Gracchano
1633 838 1994 914 tumultu‚“
2060 847 2129 901 et

270 958 513 1020 'Florus
554 957 716 1033 adeo
761 957 982 1017 scribit
1022 953 1147 1030 111,
1191 951 1297 1016 16.
1342 952 1425 1015 1:
1491 954 1952 1030 „Nihilominus
1993 955 2123 1040 Ap·

283 1077 532 1160 pulejus
579 1076 946 1137 Saturninus
993 1075 1389 1137 Gracchanas
1431 1094 1717 1137 asserere
1768 1075 1946 1157 leges
2001 1095 2129 1138 non

285 1196 598 1257 destitit.‘⁶
682 1195 1014 1257 Nominum
1055 1194 1477 1255 Romanorum
1532 1192 1841 1256 rationem
1885 1195 2123 1276 optime

283 1333 485 1396 nuper
529 1314 867 1395 descripsit
907 1313 983 1376 Ρ.
1028 1314 1107 1376 Ε.
1153 1288 1495 1374 Huschke.
1557 1312 1777 1374 Ueber
1815 1312 1878 1375 d.
1924 1313 2128 1376 Stelle

285 1434 348 1495 d.
390 1432 592 1496 Varro
636 1455 694 1495 v.
751 1434 814 1497 d.
857 1414 1218 1498 Liciniern.
1256 1455 1321 1515 p.
1383 1429 1491 1495 56.
1548 1452 1611 1495 ιι.
1670 1429 1777 1496 59.
1866 1432 2123 1495 Servius
2256 1474 2260 1478 ·

268 1550 534 1612 Tullius
575 1573 638 1633 p.
681 1549 826 1615 556.
871 1572 965 1633 sq.
1010 1553 1178 1613 uude
1219 1554 1385 1614 bene
1426 1552 1829 1634 intelligitur,
1873 1553 2125 1632 quoties

281 1670 668 1733 familiaritas
715 1679 783 1734 et
825 1672 1096 1734 amicitia
1136 1672 1473 1733 indicanda
1516 1676 1683 1748 erat,
1725 1690 1853 1733 non
1894 1671 2129 1735 latiore

281 1790 486 1868 gentis
550 1791 852 1853 vocabulo
914 1809 1064 1852 usos
1129 1809 1316 1865 esse,
1388 1789 1505 1851 sed
1555 1788 2124 1871 significantiorem

280 1908 557 1971 familiae
613 1910 1099 1992 appellationem
1152 1908 1433 1991 elegisse
1491 1908 1803 1988 antiquos.
1890 1908 2125 1970 Differt

279 2027 475 2107 igitur
510 2046 547 2087 a
587 2025 839 2087 nomine
883 2024 1259 2127 Sempronio
1315 2031 1384 2087 et
1426 2025 1877 2107 Semproniano
1903 1996 2120 2097 (Liv.

279 2143 566 2232 1V,45.
607 2143 792 2222 XLI,
834 2142 939 2207 21.
973 2141 1127 2225 [26.]
1161 2144 1296 2206 Cic.
1323 2143 1447 2228 Ep.
1478 2144 1559 2206 ad
1588 2145 1736 2207 fam.
1765 2143 1923 2221 XII,
1948 2139 2115 2217 29.).

216 2239 221 2244 ’
280 2264 753 2339 Gracchanum,
781 2263 1363 2344 quemadmodum
1447 2283 1566 2324 usu
1650 2263 2115 2369 comprobatur.
2159 2243 2164 2248 ³

285 2381 449 2445 Illud
512 2383 679 2445 enim
739 2401 891 2465 prae
955 2401 1027 2445 se
1081 2381 1297 2444 ferunt
1350 2382 1527 2464 leges
1566 2383 1923 2463 (ambiguae
1964 2381 2119 2469 fidei

282 2506 431 2564 sunt
468 2500 574 2563 lex
603 2500 845 2563 Coctia.
890 2496 1024 2562 Cic.
1067 2500 1148 2561 ad
1186 2499 1319 2563 Att.
1366 2499 1483 2579 IV,
1525 2497 1651 2578 16,
1694 2497 1801 2565 14.
1841 2498 2116 2562 ΙοιτΜε-

281 2616 437 2680 tella
476 2615 642 2679 Plin.
686 2616 770 2678 Η.
813 2615 893 2702 N.
935 2613 1212 2693 XXXV,
1262 2614 1368 2680 57.
1421 2637 1485 2699 p.
1539 2614 1669 2678 590
1722 2617 1824 2679 ed.
1887 2613 2118 2680 Franz.

283 2754 342 2797 v.
388 2732 585 2797 Orell.
628 2732 851 2795 Onom.
898 2729 1068 2794 Tull.
1138 2730 1220 2795 T.
1272 2728 1337 2793 5.
1402 2753 1466 2815 p.
1522 2729 1749 2808 1570,
1815 2737 1975 2813 quae
2039 2734 2121 2796 ad

281 2827 734 2938 rempublicam
796 2853 1189 2935 pertineant,
1253 2846 1586 2933 gentisque
1636 2851 1861 2916 merita
1917 2857 1987 2915 et
2025 2851 2122 2914 in-

282 2972 495 3034 dolem
522 2976 900 3053 proponant,
923 2970 1051 3038 hoc
1078 2971 1352 3053 partium
1380 2977 1731 3034 sectatores
1758 2971 2117 3033 induerunt.
2140 3007 2144 3010 -

278 3089 565 3167 Accedit,
610 3111 731 3173 quo
762 3089 985 3152 eadem
1018 3090 1181 3152 ratio
1218 3089 1566 3167 indicatur,
1592 3090 1860 3183 ‚diversa
1892 3089 2120 3152 horum

280 3210 597 3272 nominum
645 3210 1035 3286 terminatio,
1094 3195 1270 3290 cujus
1325 3210 1421 3271 vis
1472 3210 1738 3271 maxime
1783 3208 2122 3291 conspicua

280 3332 383 3401 est
421 3327 489 3388 in
529 3328 643 3405 iis,
700 3328 809 3408 qui
846 3348 965 3410 per
1006 3313 1415 3411 adoptionem
1458 3347 1537 3390 ex
1581 3327 1783 3391 altera
1823 3333 2012 3408 gente
2053 3305 2156 3388 in¹

279 3446 540 3509 alteram
601 3445 1007 3507 transierunt.
1095 3443 1254 3506 Nam
1320 3449 1595 3506 assumto
1651 3461 1817 3505 novo
1880 3442 2120 3504 nomini

182 3649 183 3652 Ἴ
273 3564 596 3647 gentilicio
660 3564 911 3628 additur
973 3563 1238 3627 relictae
1280 3537 1496 3645 gentis*
1530 3582 1764 3626 nomen
1812 3564 1921 3625 in·
1935 3562 2115 3628 ianus
2197 3599 2210 3604 ⁸

170 3657 179 3670 μ
274 3683 616 3800 deflexum,
660 3701 782 3764 quo
821 3682 1012 3745 latior
1053 3688 1121 3761 et
1164 3683 1400 3747 arctior
1437 3702 1635 3746 nexus
1664 3683 1900 3764 optime
1927 3680 2123 3783 signi—

272 3800 516 3863 ficatur.
625 3799 801 3879 Quae
857 3813 1042 3879 quum
1088 3799 1195 3863 ita
1248 3798 1408 3876 sint,
1471 3798 1689 3881 paucis
1742 3773 2122 3863 absolvenda

918 3925 925 3932 .
1495 3912 1558 3978 2
1573 3917 1610 3957 ‚3
