2605 4426
1008 410 1428 497 ...¹197-

284 604 678 681 movisset‚“
737 603 818 664 de
864 601 1164 688 consolat.
1213 600 1292 662 ad
1336 597 1531 662 Marc.
1579 620 1635 662 c.
1678 598 1806 665 16:
1843 601 2138 678 „Livium

284 723 560 783 Drusum
625 753 705 765 —-·
770 720 1102 781 vadentem
1172 739 1290 801 per
1355 719 1721 782 Gracchana
1790 695 2131 800 vestigit.“

283 824 433 903 val.
477 839 645 903 Max.
691 836 754 915 1,
798 837 861 901 1.
909 860 972 901 ιι.
1018 838 1101 902 1:
1167 839 1597 919 „Gracchano
1641 839 2001 916 tumultu,“
2068 848 2136 903 et

265 957 520 1018 ‘Florus
565 956 724 1031 adeo
768 956 989 1017 scribit
1030 953 1154 1030 111,
1198 952 1306 1016 16.
1349 950 1389 1015 1
1415 976 1434 1015 ι
1499 954 1960 1031 „Nihilominus
2001 958 2131 1040 Ap-

279 1074 540 1158 pulejus
586 1076 954 1136 Saturninus
999 1075 1397 1137 Gracchanas
1440 1094 1725 1138 asserere
1776 1076 1954 1158 leges
2009 1097 2136 1140 non

282 1194 605 1256 destititf‘
689 1194 1019 1256 Nominum
1064 1193 1486 1256 Romanorum
1540 1194 1848 1257 rationem
1893 1196 2130 1278 optime

280 1332 492 1394 nuper
535 1312 873 1395 descripsit
914 1313 989 1376 P.
1034 1313 1114 1376 E.
1159 1288 1502 1375 Huschke·
1564 1312 1785 1375 Ueber
1822 1313 1885 1376 d.
1931 1314 2134 1379 Stelle

285 1433 357 1494 d.
399 1431 599 1494 Varro
642 1453 700 1495 v.
757 1434 820 1496 d.
864 1413 1225 1497 Liciniern.
1262 1455 1327 1515 p.
1389 1429 1497 1496 56.
1556 1454 1618 1496 ιι.
1677 1431 1784 1496 59.
1874 1433 2130 1497 Servius
2263 1476 2266 1481 -

266 1548 539 1610 ‘Pullius
580 1572 644 1632 Ρ.
687 1548 833 1614 556.
877 1572 971 1632 sq.
1016 1553 1184 1613 unde
1223 1553 1390 1614 bene
1433 1553 1836 1635 intelligitur,
1879 1554 2131 1633 quoties

281 1668 674 1732 familiaritas
722 1678 788 1734 et
830 1673 1103 1734 amicitia
1143 1672 1480 1733 indicanda
1524 1679 1690 1750 erat,
1732 1691 1859 1734 non
1900 1672 2135 1737 latiore

281 1789 494 1867 gentis
556 1790 858 1852 vocabulo
920 1809 1070 1852 usos
1134 1809 1323 1865 esse,
1394 1789 1510 1852 sed
1561 1790 2130 1871 significantiorem

279 1907 562 1970 familiae
619 1909 1104 1991 appellationem
1159 1908 1439 1991 elegisse
1497 1909 1809 1989 antiquos.
1895 1909 2131 1972 Differt

279 2024 481 2105 igitur'
515 2045 552 2086 a
592 2025 845 2087 nominc
889 2024 1264 2128 Sempronio
1321 2032 1390 2088 et
1432 2024 1882 2108 Semproniano
1909 1998 2125 2099 (Liv.

279 2142 414 2221 IV,
464 2141 571 2206 45.
612 2142 796 2222 XLI,
839 2141 944 2207 21.
978 2141 1301 2225 [26.]cic.
1329 2143 1452 2228 ΕΡ.
1485 2145 1565 2207 ad
1593 2145 1742 2208 fam.
1771 2144 1887 2206 XII
1909 2140 2120 2223 ,29.).

210 2238 244 2244 '⁸
280 2263 758 2340 Gracchanum,
786 2262 1368 2343 quemadmodum
1453 2283 1571 2326 usu
1654 2263 2120 2345 comprobatur.
2165 2245 2168 2250 ⁵

285 2380 455 2443 Illud
516 2382 684 2445 enim
744 2400 897 2465 prae
960 2402 1032 2444 se
1086 2381 1304 2444 ferunt
1356 2383 1531 2464 leges
1571 2384 1928 2463 (ambiguae
1969 2381 2125 2470 fidei

282 2506 437 2563 sunt
473 2499 580 2562 lex
602 2479 850 2563 Coctia.
895 2496 1028 2561 Cic.
1072 2500 1153 2561 ad
1191 2500 1324 2563 Att.
1371 2499 1488 2578 IV,
1530 2498 1656 2579 16,
1699 2499 1805 2565 14.
1847 2498 2121 2563 lerMe-

281 2615 442 2679 tella
481 2615 647 2679 Plin.
690 2613 774 2678 Η.
817 2614 896 2678 N.
940 2612 1216 2692 XXXV,
1267 2614 1373 2679 57.
1426 2638 1490 2699 Ρ.
1544 2614 1674 2679 590
1726 2617 1829 2679 ed.
1892 2617 2123 2682 Franz.

283 2753 348 2796 v.
393 2732 588 2795 Orell.
632 2731 855 2794 Onom.
903 2728 1074 2793 Tull.
1143 2729 1224 2795 T.
1276 2727 1341 2794 5.
1405 2753 1471 2814 Ρ.
1525 2721 1754 2807 152),
1819 2739 1980 2812 quae
2043 2735 2124 2797 ad

282 2825 738 2935 rempublicam
799 2852 1193 2934 pertineant,
1258 2846 1589 2933 gentisque
1641 2852 1866 2915 merita
1922 2859 1991 2916 et
2029 2854 2126 2917 in·

282 2970 499 3033 dolem
525 2976 903 3053 proponant,
928 2970 1055 3037 hac
1082 2970 1357 3052 partium
1384 2976 1735 3034 sectatores
1762 2971 2122 3035 induerunt.
2145 3008 2148 3012 ·

278 3088 569 3166 Accedit‚
613 3108 734 3171 quo
766 3088 988 3151 eadem
1023 3090 1185 3152 ratio
1223 3089 1570 3167 indicatur,
1597 3090 1863 3153 ,diversa
1897 3090 2124 3153 horum

281 3208 602 3270 nominum
649 3209 1038 3286 terminatio,
1096 3195 1275 3289 cujus
1329 3209 1424 3271 vis
1475 3210 1743 3272 maxime
1786 3179 2125 3291 conspicua

281 3331 387 3400 est
425 3325 492 3387 in
532 3327 646 3404 iis,
704 3327 812 3408 qui
850 3347 969 3408 per
1010 3311 1418 3410 adoptionem
1462 3347 1540 3389 ex
1585 3327 1787 3391 altera
1825 3332 2016 3408 gente
2057 3305 2160 3389 ἰιι1

280 3443 544 3520 alteram
605 3444 1010 3507 transierunt.
1099 3443 1256 3506 Nam
1323 3449 1598 3505 assumto
1655 3461 1819 3504 novo
1883 3443 2124 3505 nomini

274 3563 601 3647 gentilicio
663 3562 945 3625 additur
976 3563 1242 3627 relictae
1284 3561 1489 3645 gentis
1533 3582 1766 3626 nomen
1814 3564 1924 3625 in·
1937 3561 2119 3628 ianus

273 3682 619 3802 deflexum,
663 3701 784 3763 quo
824 3681 1013 3745 latior
1055 3688 1124 3745 et
1167 3682 1401 3746 arctior
1440 3701 1637 3745 nexus
1666 3683 1903 3763 optime
1931 3682 2127 3783 signi-

270 3799 519 3862 fleatur.
565 3793 805 3878 Quae
859 3813 1045 3878 quum
1090 3799 1199 3862 ita
1251 3799 1411 3876 sint,
1474 3798 1692 3882 paucis
1745 3774 2126 3863 absolvenda

922 3923 928 3930 ,
1498 3913 1564 3979 2
1576 3918 1612 3957 *
