2605 4426
1062 381 1483 470 ...4ρῇ

345 580 596 640 miuore
640 576 804 660 patri
846 568 937 647 ¹⁹)
1003 572 1270 634 familias
1329 579 1543 648 taxat,
1597 572 1821 647 licet03
1891 572 2048 633 sive
2037 571 2205 671 quis
2313 626 2326 635 .,
2375 628 2380 633 2

347 698 418 756 in
455 690 545 769 ¹³)
591 712 835 755 sacrum
869 691 1167 772 judicare
1212 691 1514 767 voluerit,
1557 690 1772 751 liceto.

499 808 548 877 Ι)
582 806 722 859 Silii.
789 803 849 878 2)
883 805 972 875 qui
1010 804 1150 858 dele.
1220 803 1275 874 3)
1313 805 1408 857 uti.
1475 802 1532 876 4)
1570 803 1757 857 decem
1792 820 1845 872 p.
1880 800 1958 871 (i.
1985 819 2035 855 e.
2073 818 2205 872 pou-

348 910 464 980 do)
505 909 628 961 siet.
701 904 756 975 5)
796 905 926 958 vini.
998 905 1055 977 6)
1089 904 1475 975 sexdecimque
1509 903 1706 959 librari.
1776 903 1831 974 7)
1881 903 2083 957 modio.
2152 902 2209 975 8)

352 1009 586 1064 modios.
654 1007 711 1074 9)
759 1005 1019 1076 jussitye.
1092 1006 1179 1072 10)
1236 1022 1362 1077 quo.
1449 1002 1539 1073 n)
1591 1005 1835 1059 multare.
1906 980 1994 1072 12')
2046 1004 2205 1074 parti.

356 1112 444 1180 13)
480 1113 565 1165 im.

530 1215 749 1298 Suppl.
798 1214 1025 1275 Annot.
1074 1237 1135 1295 p.
1177 1211 1329 1280 598.
1419 1211 1566 1275 Urs.
1613 1214 1733 1275 ita:

1698 1324 1921 1380 Publica
1958 1324 2204 1396 pondera

356 1431 554 1502 quibus
600 1416 836 1501 po⁸pulus
871 1427 1028 1482 Rom.
1066 1428 1141 1481 uti
1179 1428 1354 1493 solet,
1391 1456 1458 1468 ——
1492 1445 1561 1482 ex
1608 1443 1676 1481 ea
1711 1442 1877 1481 causa
1910 1425 2104 1481 Junius
2149 1427 2205 1481 in

616 1571 628 1581 .
703 1566 723 1582 .
785 1529 929 1582 dicta
965 1529 1045 1581 sic
1084 1529 1186 1582 ait:
1224 1528 1372 1596 qnod
1406 1527 1514 1583 duo
1551 1528 1693 1583 Sillii
1727 1527 1793 1581 Ρ.
1827 1536 1884 1581 et
1917 1526 1991 1581 Μ.

534 1636 711 1696 Haec
757 1654 834 1695 ex
857 1635 1023 1694 Junii
1060 1633 1413 1695 Gracchani
1448 1634 1530 1694 de
1562 1634 1984 1715 potestatibus
2025 1633 2205 1696 libris

360 1756 620 1816 fluxisse
670 1743 1100 1814 existimarunt
1128 1750 1456 1813 Bertrand.
1504 1750 1585 1813 de
1617 1751 2008 1832 jurisperitis
2053 1722 2096 1812 l.
2125 1750 2202 1841 ll.

360 1895 416 1936 c.
463 1870 525 1935 1.
566 1893 631 1954 p.
665 1858 814 1934 166.
863 1877 949 1932 et.
976 1869 1333 1930 Brissonius
1363 1869 1444 1931 de
1473 1868 1659 1930 form.
1717 1867 1797 1930 T.
1830 1865 1894 1930 1.
1937 1890 2003 1952 p.
2048 1867 2199 1951 128.

358 1991 583 2072 quibus
642 1990 1001 2052 dubitanter
1056 1986 1329 2048 accessit
1393 1985 1732 2049 Zimmern.
1777 1987 1843 2050 h.
1888 1987 1947 2049 J.
1990 1987 2069 2051 R.
2116 1987 2199 2052 Τ.

2335 741 2367 777 sp·

304 2069 419 2199 ἱ,1.
465 2132 530 2191 p.
573 2106 718 2171 505.
765 2129 820 2169 a.
865 2105 972 2168 20.
1019 2076 1037 2091 ε
1064 2105 1183 2167 Cui
1237 2104 1646 2186 conjecturae
1701 2106 1991 2187 profecto
2042 2107 2203 2171 nihil
2322 2201 2327 2208 Ι

357 2236 481 2304 est,
521 2228 687 2308 quod
746 2228 1148 2297 adversetur,
1205 2244 1410 2305 neque
1468 2233 1682 2286 tamen
1736 2243 1811 2286 ea
1865 2226 2201 2307 quidquam

356 2346 548 2407 habet
567 2392 589 2422 ,
616 2404 623 2408 ,
654 2365 774 2426 quo
832 2364 905 2406 se
957 2350 1229 2406 tueatur.
1305 2327 1474 2404 'Nam
1529 2344 1802 2404 Silianae
1854 2345 2199 2426 rogationis

353 2472 600 2544 tempus
654 2483 839 2543 quum
878 2482 963 2523 ⁴ne
994 2461 1362 2529 Boeckbius
1407 2461 1692 2540 quidem,
1738 2461 1915 2543 cujus
1957 2463 2200 2527 iti-ma-

354 2579 518 2641 xime
584 2581 929 2656 intererat,
994 2600 1180 2641 ausus
1247 2580 1333 2642 sit
1390 2571 1817 2658 constituere.
1882 2584 2050 2646 nulla
2116 2586 2232 2649 de.

348 2697 537 2759 Junio
593 2698 938 2780 probabilis
992 2698 1308 2760 sententia
1355 2698 1514 2759 ferri
1554 2701 1850 2779 poterit‚.
1901 2702 2076 2783 cujus
2127 2712 2201 2767 ut
2295 2765 2302 2778 ,

350 2816 600 2877 videtur
642 2806 791 2877 libri
833 2836 1061 2879 nomen
1088 2817 1248 2897 ignis
1293 2816 1536 2878 invidus
1565 2817 1822 2881 delevit.
1869 2840 1927 2883 v.
1957 2820 2194 2884 Biickb.

351 2935 601 2997 metrol.
659 2893 916 2997 UnterS.
963 2957 1026 3017 p.
1074 2931 1178 2995 17.
1218 2933 1370 2998 206.
1426 2955 1548 3016 quo
1600 2936 1745 2998 loco
1798 2956 1855 2999 v.
1902 2937 1965 3001 d.
2010 2938 2195 3002 Cice-

349 3054 608 3115 roniano
664 3072 818 3115 aevo
871 3052 1068 3114 multo
1123 3054 1514 3135 superiorem
1558 3054 1950 3136 rogationem
2004 3057 2195 3121 latam

348 3186 594 3240 censet.⁴
698 3173 838 3250 Quo
913 3176 1279 3252 argumento
1345 3171 1517 3233 nisus
1579 3172 1952 3237 Hauboldus
2025 3196 2192 3241 mon.
2300 3241 2308 3248 ,

226 3369 231 3375 ,
347 3288 471 3369 leg.
541 3290 642 3352 ed.
712 3285 1102 3371 Spang'enbg.
1166 3311 1230 3371 p.
1274 3289 1498 3354 XCVI.
1557 3293 1818 3355 eandem
1875 3293 2193 3359 confiden-

340 3412 449 3468 ter
500 3407 579 3470 ad
635 3379 693 3470 a.
726 3421 814 3470 u.
873 3405 1022 3470 510.
1081 3408 1362 3486 referat,
1423 3430 1526 3472 me
1573 3410 1913 3493 praeterit.
2007 3413 2194 3496 Apud

344 3523 604 3588 Festum
648 3546 798 3588 vero
841 3545 1026 3588 nemo
1071 3526 1232 3588 alter
1270 3529 1492 3591 Junius
1535 3527 2066 3611 deprehenditur,
2120 3541 2194 3595 ut

345 3645 691 3726 ambiguam
732 3652 801 3706 et
841 3623 1178 3726 ancipitem
1221 3666 1360 3708 rem
1399 3643 1817 3729 pronunciare
1852 3667 2058 3731 cogar.
2105 3650 2191 3714 cf.

244 3771 263 3782 “
345 3760 722 3844 Villalpand.
767 3765 832 3827 in
874 3764 1204 3828 Ezechiel.
1248 3773 1403 3829 tom.
1444 3762 1508 3830 ὅ.
1554 3772 1720 3848 part.
1758 3763 1824 3829 2.
1870 3767 1980 3832 lib.
2019 3764 2084 3832 3.
2130 3787 2206 3844 c.

1734 3883 1783 3947 4
