2605 4426
1064 374 1312 437 --57
1397 409 1479 422 .-

326 563 639 625 .meminit
694 561 923 622 Festus
990 583 1045 624 v.
1114 572 1388 644 praetor.
1456 586 1517 644 p.
1583 561 1730 623 241.
1803 565 1902 623 ed.
1959 562 2192 623 'Muelh

346 683 614 744 Cassius
659 690 863 744 autem
906 682 1189 757 Hemina,
1237 683 1339 762 qui
1386 703 1440 743 a.
1489 705 1549 742 u.
1599 703 1654 744 c.
1701 680 1848 745 608.
1896 684 2065 755 vixit,
2113 683 2194 742 de

349 799 728 865 censoribus
760 799 984 862 ‚libros
1052 800 1446 873 confecerat,
1525 819 1786 878 quorum
1854 778 2236 860 secundum*
2301 783 2321 875 ,Α

349 918 595 978 Nonius
625 924 1091 978 commemorat.
1125 915 1427 976 v.moliri.
1463 937 1525 996 p.
1555 912 1702 988 546,
1723 914 1827 976 20.
1859 915 1958 976 ed.
1991 914 2193 977 Mero.

245 1080 253 1084 .
347 1035 516 1093 Eum
558 1033 764 1093 locum
804 1031 1100 1113 Krausius
1156 1032 1485 1111 perperam
1548 1031 1854 1090 annalium
1921 1034 2199 1092 secundo
2289 1042 2298 1054 “

268 1218 285 1225 ,
352 1152 596 1214 tribuit.
643 1173 705 1231 p.
750 1148 897 1212 159.
986 1150 1084 1210 Ex
1139 1157 1353 1210 nostra
1406 1150 1718 1210 sententia
1768 1151 2022 1230 aliquod
2066 1153 2202 1238 ifor-

354 1280 530 1331 tasse
594 1276 972 1329 momentum
1019 1267 1266 1329 accedit
1323 1269 1760 1348 dijudicandae
1822 1246 2205 1349 quaestioni,

270 1470 273 1473 ¹
348 1390 521 1449 sitne
585 1389 753 1449 idem
819 1373 1261 1467 intelligendus
1307 1386 1382 1448 L.
1431 1387 1683 1448 Cassius
1730 1391 2055 1450 censorius
2099 1410 2199 1469 ap.

349 1508 593 1587 Interp.
638 1506 794 1567 Maii
839 1507 916 1567 ad
973 1505 1147 1586 Virg.
1195 1503 1359 1567 Aen.
1406 1505 1494 1581 II,
1557 1503 1706 1567 717.
1764 1528 1818 1567 v.
1867 1507 2085 1568 KrauS.
2133 1528 2194 1586 p.

349 1623 505 1687 166.
536 1644 692 1701 ann.
786 1626 859 1686 C.
907 1626 1318 1705 Sempronius
1365 1623 1738 1701 Tuditanus,
1785 1628 1889 1705 qui
1934 1649 2096 1711 mun.
2146 1647 2202 1688 c.

353 1741 510 1805 625.
579 1743 962 1804 consulatum
1027 1741 1254 1819 gessit,
1324 1716 1675 1822 composuit
1739 1742 1937 1803 libros
1968 1770 1976 1785 x
2013 1712 2231 1824 magi-³*

354 1869 670 1924 stratuum
713 1861 1029 1920 minimum
1075 1860 1405 1923 tredecim.
1494 1860 1778 1922 Maerob.
1826 1861 1958 1921 Sat.
2005 1860 2051 1936 I,
2096 1858 2201 1923 15.

355 2003 428 2062 p.
469 1977 614 2041 275.
674 1978 978 2058 reliquiae
1041 1998 1194 2039 vero
1248 1999 1348 2059 ap.
1418 1978 1608 2040 Gell.-
1639 1954 1812 2054 XIII,
1876 1976 1982 2055 15.
2029 1978 2205 2040 Mes-

352 2074 533 2161 salae
575 2097 822 2178 auguris
868 2097 1138 2158 orationi
1180 2098 1459 2159 insertae
1516 2098 1886 2173 ostendunt,
1946 2098 2025 2157 de
2091 2086 2204 2177 poss

353 2224 599 2281 testate
627 2217 936 2297 praetoris
968 2235 1108 2277 eum
1137 2216 1414 2278 locutum
1448 2233 1611 2279 esse.
1659 2215 1915 2278 Krause.
1963 2237 2024 2305 p.
2057 2212 2204 2278 1⁷9.

355 2336 646 2398 Eandem
729 2336 1055 2396 materiem
1130 2337 1468 2415 attigerunt
1532 2336 1676 2396 libri
1707 2380 1720 2388 .
1751 2336 1832 2395 de
1913 2334 2208 2414 auspiciis

357 2453 710 2529 Messalae,
776 2437 954 2514 Gen.
1022 2452 1163 2512 XllI
1194 2500 1211 2529 ,
1283 2450 1388 2514 15.
1461 2461 1526 2514 et
1591 2454 1840 2513 omnino
1906 2449 2205 2533 augurum

357 2573 781 2633 Romanorum
839 2573 930 2647 ,de
994 2572 1287 2660 auspiciis
1354 2572 1520 2632 libri.
1633 2571 1797 2631 Gell.
1864 2569 2038 2646 XIII,
2102 2549 2207 2633 14.
2253 2597 2256 2600 “
2333 2627 2339 2631 .

356 2690 622 2752 Veranii
683 2690 847 2751 liber
909 2689 1326 2770 auspiciorum
1389 2690 1469 2750 de
1525 2690 1816 2750 comitiiS.
1915 2688 2091 2749 Fest.
2156 2709 2210 2747 v.

357 2808 619 2870 Referri
670 2793 855 2869 -diem
911 2829 974 2887 p.
1018 2805 1182 2870 289.
1271 2779 1864 2868 Commemorandus
1910 2814 2007 2868 est
2047 2807 2211 2868 liber

356 2926 704 2989 Nicostrati
735 2925 850 2986 -de
916 2931 1137 2986 senatu
1202 2926 1498 3015 babendo
1544 2927 1723 2987 Fest.
1770 2946 1826 2985 v.
1876 2925 2205 2986 Senacula.

357 3068 430 3127 p.
473 3042 620 3108 547.
707 3042 912 3104 Multa
976 3043 1043 3104 id
1108 3062 1309 3124 genus
1370 3046 1617 3105 inerant
1675 3044 1978 3106 Varronis
2032 3034 2217 3104 libris

347 3161 576 3224 ‘rerum
614 3133 1024 3223 humanarum
1068 3162 1234 3223 Gell.
1280 3160 1443 3223 XIII.
1488 3160 1592 3224 15.
1639 3161 1723 3240 (v.
1768 3161 1950 3242 reliq.
1977 3161 2122 3222 coll.
2148 3161 2226 3220 in·

239 3308 242 3310 “
365 3283 476 3343 ed.
522 3282 660 3362 Bip.
705 3278 786 3342 Τ.
830 3279 903 3357 1,
946 3304 1011 3362 p.
1078 3278 1226 3342 md.
1275 3279 1423 3360 sq.).
1538 3282 1812 3357 Quorum
1876 3279 2211 3352 librorum,

365 3400 429 3467 si
473 3399 608 3479 quis
634 3398 738 3458 ffad
782 3399 1123 3461 Caesarum
1150 3399 1574 3462 Romanorum
1618 3387 1902 3480 tem'pora
1947 3416 2017 3459 se
2060 3415 2212 3481 cou-

362 3519 593 3591 vertit,
651 3516 1014 3611 uberiorem
1071 3518 1316 3600 copiam
1360 3511 1660 3597 reperiet.
1748 3517 1928 3576 Nunc
1975 3515 2215 3576 sufficit

366 3627 691 3699 monuisse
717 3635 966 3697 sunium
998 3636 1428 3698 Gracchanum
1466 3653 1590 3695 uou
1631 3632 1894 3715 primum
1940 3634 2005 3695 in
2047 3635 2212 3694 hunc

369 3773 663 3835 campum
726 3753 1166 3826 descendisse,
1233 3754 1347 3815 sed
1405 3743 1699 3815 habuisse
1742 3754 1807 3814 in
1851 3753 2077 3816 eodem>
2120 3771 2214 3836 ar:
