2605 4426
688 341 765 469 W·
977 330 1392 430 -w-ss

258 566 331 625 in
376 556 905 643 Synt.trag.Lat.
950 554 1155 617 Antw.
1179 551 1372 616 1595.
1422 549 1502 613 T.
1529 550 1576 637 ι.
1620 548 1792 632 p.21
1837 526 2100 611 ababuc:

180 662 190 669 ’
259 676 531 754 „Junius
574 673 919 748 Gracchus,
963 673 1088 752 qui,
1133 677 1395 732 auctore
1439 668 1846 743 Terentiano,
1890 665 2104 749 Thye-

242 761 433 858 ⁸stem
478 792 732 867 docuit3
773 792 941 853 unde
984 789 1285 851 Ovidius:
1329 789 1487 849 Cum
1509 787 1733 850 Varius
1757 786 2109 847 Gracchus-

265 929 393 991 que
421 910 646 970 darent
672 906 811 970 fera
838 907 1004 968 dicta
1031 906 1358 987 tyrannis“
1397 904 1648 966 Junium
1677 903 2109 966 Gracchanum

266 1049 411 1091 cum
456 1027 730 1089 Gracchi
785 1026 1008 1106 tragici
1060 1031 1289 1106 poetae
1345 1043 1615 1105 persona
1664 1023 1913 1084 videtur
1955 1040 2105 1082 con-
2233 1016 2240 1017 ⁷

265 1144 538 1222 fudisse,
581 1146 663 1206 de
706 1165 827 1226 quo
858 1145 1194 1227 diligenter
1217 1163 1393 1206 more
1422 1163 1534 1206 suo
1558 1144 1687 1224 egit
1706 1142 2109 1204 Weichertus

268 1266 428 1329 Exc.
480 1263 587 1327 w,
641 1264 721 1326 ad
783 1262 937 1326 Luc.
1000 1261 1151 1327 Var.
1217 1264 1327 1339 vit.
1389 1285 1452 1344 p.
1497 1260 1647 1325 168.
1693 1282 1787 1342 sq.
1851 1258 2105 1322 Etenim

272 1384 442 1464 apud
471 1382 816 1446 Varronem
843 1383 1043 1444 Delrii
1085 1390 1376 1464 tempore
1416 1378 1742 1463 legebatur
1785 1380 2107 1444 etiamtum

270 1501 492 1563 Junius
535 1499 855 1563 Gracchus
899 1501 1038 1573 (ed.
1081 1499 1221 1579 Bip.
1271 1497 1350 1558 T.
1397 1495 1457 1562 1.
1499 1520 1562 1579 p.
1604 1495 1764 1571 60.).

902 1800 1395 1834 dm

373 2416 530 2523 De
571 2454 608 2515 J
612 2453 741 2514 unii
770 2451 1120 2514 Gracchani
1146 2451 1402 2535 scriptis
1434 2452 1680 2515 dicturo
1707 2453 1898 2516 latior
1920 2456 2106 2538 paulo

279 2573 548 2653 patescit
588 2587 862 2655 campus,
905 2572 1224 2634 divinandi
1265 2579 1336 2634 et
1378 2572 1775 2652 conjectandi
1805 2581 2112 2656 opportu-

280 2671 478 2754 nitate
520 2691 666 2754 data
708 2711 785 2754 ex
824 2691 930 2769 iis,
974 2710 1131 2770 quae
1174 2696 1446 2753 aetatem
1486 2691 1769 2753 tulerunt
1800 2692 2109 2773 reliquiis.

276 2810 605 2890 Habetque
650 2828 770 2890 quo
816 2827 888 2871 se
929 2808 1326 2871 commendet
1368 2816 1436 2871 et
1477 2809 1733 2872 allicere
1770 2810 1976 2891 possit
2006 2813 2114 2892 qui

206 2923 211 2928 ’
278 2929 349 3015 in·
387 2935 523 2991 toto
564 2929 689 3000 hoc
732 2947 965 3010 genere
991 2926 1235 3010 positus
1264 2933 1366 2990 est
1391 2928 1590 3006 labor,
1633 2929 1804 3009 quod
1830 2929 2114 3013 dispersa

278 3046 631 3128 colligentis
686 3051 754 3108 et
804 3046 1255 3109 considerantis
1310 3047 1516 3109 animo
1565 3048 1943 3128 integritatis
1983 3050 2116 3131 pri-

278 3163 479 3227 stinae
522 3165 818 3246 cogitatio
860 3165 1032 3227 ultro
1073 3165 1451 3228 suboriatur.
1529 3165 1661 3227 Sed
1681 3185 1761 3228 ne
1781 3185 1901 3250 pro
1924 3167 2115 3229 certis
2188 3168 2196 3176 '

280 3282 560 3363 ambigua
602 3283 856 3346 dedisse
897 3284 1216 3346 videamur
1236 3330 1256 3361 ‚
1322 3284 1695 3347 ordiendum
1751 3291 1851 3348 est
1891 3285 1970 3347 ab
2013 3284 2115 3361 iis,

281 3419 437 3481 quae
476 3402 677 3484 ipsius
721 3403 1111 3482 antiquitatis
1152 3404 1517 3466 testimonio
1557 3375 1802 3466 firmata
1842 3409 2008 3465 suut.
2041 3413 2046 3420 '

351 3600 363 3606 ς
446 3518 644 3582 Unius
713 3520 862 3583 libri
924 3521 1174 3584 Juniani
1234 3521 1425 3583 iudex
1488 3521 1570 3586 ad
1631 3541 1747 3583 uos
1808 3523 2120 3605 pervenit⁷

281 3644 558 3702 servatus
601 3639 676 3701 ab
720 3638 994 3738 Ulpiano
1028 3631 1176 3719 ²(lib.
1207 3641 1367 3723 sing.
1393 3639 1475 3702 de
1497 3639 1713 3703 officio
1736 3641 2119 3721 quaestoris)

217 3787 223 3792 ·
282 3758 345 3817 in
383 3755 523 3838 mg.
571 3757 614 3818 Ι.
659 3754 721 3820 1.
767 3756 847 3819 Τ.
893 3756 1043 3822 1δ.;”
1075 3758 1312 3840 3‚0rigo
1357 3759 1790 3839 quaestoribus
1833 3758 2120 3823 creandis
