2605 4426
537 568 826 647 contigit,
908 589 1109 650 neque
1183 572 1258 630 ab
1318 573 1484 631 omni
1538 573 1720 651 parte'
1775 571 2105 635 satisfecit.
2212 561 2400 633 Hiu'c*

540 693 742 747 ortum
810 695 909 748 est
975 687 1282 766 singulare
1364 688 1678 767 quoddam
1756 690 2072 751 scribendi
2144 708 2382 769 genus,

540 807 712 885 cujus
757 792 1051 897 idoneum
1096 807 1447 887 exemplum
1494 808 1682 868 offert
1722 808 1965 869 Gellius
2021 807 2202 885 XIV,
2266 805 2331 869 7.
2361 831 2380 867 z

539 926 699 1000 „Cn.
746 924 1082 1007 Pompejus
1127 926 1345 987 consul
1390 926 1655 1006 primum
1699 926 1958 994 cumssM.
1991 927 2218 988 Crasso
2266 927 2381 987 de—

378 1022 419 1131 *-
537 1043 815 1122 signatus
883 1050 1011 1117 est3
1029 1031 1032 1034 ⁴
1081 1063 1221 1102 eum
1289 1044 1721 1123 magistratum
1785 1044 2123 1126 Pompejus
2190 1064 2382 1123 quum

534 1163 800 1223 initurus
843 1162 1043 1238 foret,
1089 1164 1381 1243 quoniam
1423 1183 1541 1244 per
1585 1164 1843 1225 militiae
1884 1172 2166 1244 tempora
2195 1182 2381 1223 seua-

538 1288 638 1342 tus
698 1281 972 1342 habendi
1016 1260 1561 1360 consulendique,
1626 1301 1834 1341 rerum
1898 1282 2085 1342 etiam
2149 1300 2383 1362 expers

539 1368 914 1460 urbanarum
979 1400 1129 1474 fuit,
1193 1400 1304 1461 Μ.
1353 1400 1697 1462 Varronem
1763 1391 2133 1460 familiarem
2199 1418 2385 1460 suum

421 1521 433 1540 ⁸
539 1519 780 1596 rogavit
824 1518 915 1578 uti
961 1520 1470 1578 commentarium
1517 1518 1759 1579 faceret
1814 1512 2193 1598 εἶςαγωγικόν
2247 1516 2386 1594 (sic

440 1638 459 1657 ²
546 1635 711 1695 euim
756 1634 957 1696 Varro
1002 1636 1144 1714 ipse
1188 1634 1531 1717 appellat,)
1579 1656 1657 1696 ex
1701 1616 1821 1715 quo
1867 1635 2172 1710 disceret,
2227 1634 2384 1713 quid

542 1754 756 1814 facere
787 1754 1123 1833 dicereque
1149 1754 1441 1830 deberet,
1474 1775 1656 1834 quum
1688 1729 1972 1816 senatum
2001 1754 2384 1816 consuleret.

544 1873 700 1931 Eum
766 1872 994 1933 librum
1063 1873 1602 1946 commentarium,
1667 1893 1849 1951 quem
1908 1848 2105 1953 'super
2142 1891 2243 1931 sea
2306 1892 2386 1932 re

545 1989 848 2070 Pompejo
895 1966 1174 2070 fecerat,
1200 1992 1446 2070 perisse
1469 1989 1671 2067 Varro
1718 1991 1804 2052 ait
1845 1991 1908 2050 in
1954 1990 2184 2064 literis,
2228 2009 2385 2068 quas

545 2109 622 2199 ad
671 2098 1024 2188 Oppianum,
1066 2105 1282 2165 dedit:
1351 2125 1507 2183 quae
1547 2112 1715 2192 ,sunt
1766 2107 1832 2165 in
1886 2106 2049 2166 libro
2097 2104 2387 2185 epistoli-

549 2244 758 2286 carum
804 2223 1235 2304 quaestionum
1281 2229 1536 2301 quarto,
1580 2222 1645 2281 in
1690 2222 1910 2301 quibus
1954 2222 2181 2298 literis,
2228 2243 2387 2301 quo-

548 2343 711 2403 niam
757 2361 913 2421 quae
961 2348 1102 2402 ante
1148 2341 1491 2421 scripserat
1533 2359 1656 2400 nou
1688 2343 2147 2421 comparebant,
2193 2342 2391 2406 docet

546 2480 789 2521 rursum
833 2459 1026 2520 multa
1066 2460 1147 2519 ad
1194 2477 1329 2520 eam
1374 2478 1508 2519 rem
1569 2460 1928 2530 ducentia.“
2012 2460 2152 2520 Non
2193 2460 2387 2522 video

548 2585 658 2637 cur
722 2579 1113 2639 Drumannus
1181 2579 1258 2639 T.
1327 2578 1429 2641 1V.
1500 2601 1560 2658 p.
1622 2576 1769 2641 582.
1833 2580 1901 2639 id
1945 2582 2388 2643 ostentationis

546 2717 728 2758 causa
771 2719 807 2757 a
849 2696 1130 2758 Varrone
1151 2694 1528 2788 'Pompejum
1571 2698 1870 2778 petivisse
1907 2699 2181 2774 scribat3
2227 2700 2390 2791 mihi

546 2820 761 2876 contra
806 2817 1123 2895 persuasi,
1181 2815 1351 2877 idem
1395 2817 1559 2899 apud
1600 2816 1915 2878 Romanos
1960 2816 2194 2879 factum
2239 2837 2422 2879 esse*
2485 2884 2494 2889 ,

548 2935 832 3014 saepius,
897 2936 1062 2995 unde
1126 2936 1273 2997 libri
1324 2936 1631 3016 ‘isagogici
1687 2936 1990 3015 originem
2033 2936 2386 2999 traherent.

547 3052 785 3113 Eadem
832 3073 981 3115 sane
1025 3074 1128 3115 res
1174 3074 1384 3116 ansam
1429 3056 1611 3116 dedit
1650 3055 2113 3134 quaestionibus
2146 3056 2388 3135 episto-

532 3171 687 3245 ,licis
729 3166 831 3232 vel
846 3177 860 3240 j
875 3192 990 3252 per
1031 3172 1359 3253 epistolam
1406 3174 1722 3252 quaesitis.
1769 3194 1826 3240 v,-
1877 3173 2041 3236 Gell.
2090 3172 2233 3249 vll,
2277 3171 2389 3234 10.

546 3288 839 3366 x11,15
924 3292 1153 3352 Nostra
1215 3311 1366 3352 vero
1432 3294 1741 3354 sententia
1806 3294 2204 3355 confirmatur
2266 3311 2390 3369 eo,
2417 3261 2439 3276 .
2487 3271 2490 3272 ⁷

551 3405 717 3486 quod
781 3406 930 3468 inde
998 3408 1071 3466 ab
1137 3408 1337 3468 initiis
1405 3408 1543 3468 fere
1599 3409 1924 3469 literarum
1968 3385 2391 3507 Romanarum

552 3527 718 3587 idem
784 3493 1210 3606 argumentum
1278 3531 1377 3587 est
1439 3532 1788 3587 tractatum.
1886 3527 2085 3605 Quum
2150 3545 2391 3609 anceps

552 3644 635 3706 sit
676 3643 960 3722 quaestio
1009 3645 1086 3703 dc
1126 3641 1201 3705 L.
1252 3644 1471 3705 Cincio
1513 3645 1862 3722 Alimento‚
1908 3645 2054 3706 nolo
2106 3645 2231 3705 huc
2276 3664 2392 3707 re-

556 3734 726 3823 ferre
767 3762 993 3825 librum
1060 3763 1194 3842 ejus
1260 3763 1342 3823 de
1408 3763 1728 3825 consulum
1793 3759 2172 3844 potestates
2210 3764 2393 3842 cujus
