2605 4426
1088 392 1172 405 ...
1253 357 1606 446 452-1

369 545 528 612 551.
580 566 675 628 sq.
733 546 815 608 «le
856 544 1118 642 Liciniis!
1180 566 1246 628 p.
1285 544 1382 608 ,62
1420 566 1476 608 a.
1521 542 1668 607 117.
1758 545 2219 635 ΡΙαεε.,(·Ηίει.

372 667 732 749 Abhandlg.
777 667 939 728 iiber
976 665 1039 728 d.
1084 663 1559 748 Verpohmelzg.
1606 664 1669 726 d.
1715 666 2111 742 tuskischen‚
2156 667 2220 728 d.

372 789 542 850 riim.
588 807 653 849 u.
700 772 757 849 e.
796 782 1036 861 henou.
1068 783 1457 859 Kalenders)
1500 785 1567 844 in
1609 784 1971 846 Zimmerm.
2019 787 2221 848 annal.

372 903 574 970 1858.
617 927 681 988 p.
727 901 916 981 1164.
1006 903 1356 985 Goettling.
1420 925 1484 984 p.
1534 901 1684 966 514.
1772 902 1973 967 Varro
2016 912 2223 966 utrum

374 1025 569 1087 Junio
634 1024 1050 1106 adstipulatus
1116 1024 1238 1098 sit,
1302 1040 1423 1085 nec
1466 1043 1576 1100 ne,
1640 1044 1765 1084 non
1804 1024 2042 1103 liquet)
2107 1005 2225 1085 sod

373 1143 463 1206 ad
505 1146 878 1208 sententiam
922 1144 1056 1225 ejus
1083 1144 1424 1227 pertinent,
1468 1164 1623 1224 quae
1650 1144 1847 1206 habet
1865 1142 2226 1206 Macrobius
2257 1226 2264 1249 s

382 1266 518 1328 Sat.
562 1261 624 1342 ι,
666 1261 774 1328 16.
821 1285 884 1347 p.
928 1261 1079 1327 290.

1107 1569 1509 1634 Incerta.

1172 1740 1227 1815 1.
1257 1739 1438 1834 (X.)

793 1916 969 1976 varro
1004 1921 1073 1976 «ιο
1106 1921 1144 1975 ι.
1176 1920 1242 1976 L.
1274 1921 1391 1989 vi„
1427 1922 1479 1977 9.
1512 1923 1574 1977 s,
1609 1940 1663 1995 p.
1694 1908 1814 2003 274.

558 2078 699 2141 Hoc
740 2076 944 2162 ipsum
984 2078 1267 2142 Inlicium
1312 2081 1612 2163 scriptum
1645 2075 1702 2155 ¹)
1764 2080 1974 2146 inveni
2024 2081 2089 2142 in
2130 2078 2224 2142 M.

385 2199 556 2261 Junii
584 2193 645 2275 2)
711 2201 1208 2277 commentariis,
1281 2201 1449 2282 quod
1488 2208 1699 2263 tamen
1723 2194 1787 2275 3)
1829 2202 1919 2264 ibi
1960 2200 2131 2262 idem
2163 2191 2229 2273 4)

391 2326 493 2381 est
536 2318 700 2400 quod
744 2317 968 2381 illicite
1009 2319 1215 2382 illexit
1242 2315 1342 2399 ⁵);
1403 2341 1559 2401 quae
1604 2341 1741 2388 cum
1784 2321 1838 2381 Ε
1886 2327 1953 2383 et
1994 2321 2054 2387 (ἶ
2090 2340 2230 2382 cum

393 2438 453 2499 G
478 2432 542 2513 ⁶)
585 2457 862 2520 magnam
904 2428 1143 2501 habent
1172 2433 1224 2517 ⁷)
1271 2440 1799 2501 communitatem.

526 2639 586 2709 1)
622 2638 844 2710 Sciopp.
883 2640 938 2693 in
971 2656 1169 2710 marga
1226 2637 1481 2708 Quidam
1526 2646 1634 2694 vet.
1685 2636 1904 2694 Codex.-
1951 2637 2232 2712 Elleyium

388 2738 688 2811 scriptam.
723 2737 791 2781 -4
851 2739 1151 2814 Enleqium
1198 2742 1363 2795 tacite
1419 2742 1742 2797 ciacconius
1795 2742 1864 2795 ad
1916 2741 2232 2795 Columnam

391 2841 636 2897 Ros-trat.
688 2861 742 2914 p.
785 2842 872 2897 20.
918 2875 987 2883 -
1034 2844 1319 2898 inlicitum
1352 2862 1433 2916 pr.
1470 2861 1538 2897 m.
1573 2843 1753 2897 Havn.
1791 2872 1855 2883 -
1906 2842 2054 2897 Fort.
2091 2841 2231 2897 Inli-

395 2944 544 3000 cium
577 2944 886 3017 Enleqium
919 2946 1218 3016 scriptum.
1285 2945 1343 3018 2)
1379 2946 1571 2999 invem·
1603 2944 1829 2999 Muncii
1876 2944 1997 2998 cod.
2033 2943 2162 2998 Par.
2194 2942 2230 2997 h

393 3044 452 3118 3)
478 3052 534 3100 et
569 3053 762 3101 tamen
798 3046 933 3101 eod.
969 3047 1036 3100 B.
1074 3045 1218 3101 Edit.
1252 3048 1420 3118 princ.
1460 3056 1571 3102 vet.
1609 3047 1665 3118 4)
1695 3046 1775 3101 ibi
1808 3047 1953 3101 idem
1980 3046 2230 3101 Vertran.
2260 3064 2264 3069 ·

395 3147 619 3222 Sciopp.
655 3181 724 3190 -
765 3149 971 3204 ibidem
1016 3147 1255 3203 Florent.
1304 3149 1484 3207 Havn.
1523 3149 1659 3204 Cod.
1700 3147 1901 3203 B.·E‹1.
1937 3150 2107 3219 princ.
2136 3164 2233 3203 ve-

394 3257 524 3304 tust.
557 3250 718 3304 Rhol.
751 3251 890 3306 Ven.
930 3253 979 3305 l.
1016 3250 1081 3306 11.
1115 3252 1240 3306 Ald.
1274 3253 1407 3307 Bas.
1453 3252 1629 3307 Paris.
1666 3249 1869 3332 Gryph.
1908 3249 2126 3321 Vulgat.
2161 3280 2233 3289 —-

394 3352 530 3406 item
583 3353 903 3408 Ciacconius
956 3357 1063 3410 loc.
1117 3356 1261 3410 laud.
1312 3383 1376 3396 -·
1431 3371 1562 3407 cum
1609 3353 1689 3407 ibi
1738 3352 1859 3407 cod.
1896 3351 2023 3406 Par.
2057 3352 2111 3405 b.
2179 3351 2239 3425 5)

394 3453 590 3508 illicite
620 3454 803 3510 illexit
847 3455 890 3509 F
894 3456 1086 3511 lorent.
1121 3458 1262 3512 Edit.
1295 3456 1464 3528 princ.
1494 3463 1696 3509 vetust.
1728 3452 1888 3508 Rhol.
1909 3451 2046 3507 Ven.
2082 3453 2131 3506 l.
2169 3452 2234 3506 ll.

396 3554 526 3609 Ald.
563 3556 690 3610 Bas.
720 3555 897 3611 Paris.
935 3557 1138 3630 Gryph.
1175 3558 1393 3629 Vulgat.
1438 3588 1508 3597 —-
1549 3555 1767 3611 inlicite
1810 3553 2012 3609 inlexit
2056 3554 2238 3610 Havn.

397 3655 522 3712 cod.
554 3656 682 3712 Par.
719 3674 770 3712 a.
792 3679 873 3701 ·-
921 3659 1102 3715 inlicit
1145 3666 1201 3714 et
1231 3659 1439 3715 inleoeit
1472 3658 1607 3714 eod.
1642 3658 1688 3713 B
1741 3684 1807 3700 -·-
1856 3656 2029 3711 illicit
2072 3663 2128 3711 et
2167 3655 2235 3711 il·

398 3756 541 3815 texit
570 3758 748 3816 Vei-tr.
782 3791 846 3804 -·
890 3759 1059 3818 illicit
1091 3765 1146 3816 at
1177 3760 1365 3835 eueqit
1396 3761 1622 3833 Sciopp·
1662 3788 1726 3805 «-
1775 3758 1945 3816 illicit
1977 3764 2031 3814 et
2062 3758 2239 3832 illeqit
