2605 4426
1200 410 1280 423 ..
1365 368 1450 441 94
1533 411 1608 423 ...

627 561 861 656 'Quum
922 563 1246 625 Juniorum
1312 565 1484 627 nullo
1552 564 1937 646 cognomine
1990 565 2322 648 insignium

486 681 656 743 circa
719 689 997 744 extrema
1036 682 1428 763 reipublicae
1484 690 1768 766 tempora
1809 683 1978 745 haud
2022 702 2169 746 raro
2213 686 2326 747 fiat

485 801 758 877 mentio,
813 821 910 862 vv.
957 801 1064 863 dd.
1111 802 1458 865 accuratius
1512 821 1622 865 eos
1666 803 2033 865 describere
2076 804 2322 878 conati,

434 914 440 919 ’
486 920 593 979 uni
636 910 703 981 et
745 919 927 980 alteri
970 918 1317 1001 cognomen
1361 921 1709 984 Gracchani
1752 922 2163 998 addiderunt,
2221 927 2321 983 at-

486 1056 611 1116 que
650 1037 721 1098 id
762 1036 996 1099 factum
1041 1057 1183 1100 esse
1226 1039 1369 1101 fere
1412 1039 1615 1127 minus
1658 1040 1886 1116 miror,
1930 1059 2111 1121 quam
2154 1039 2322 1120 quod

429 1206 433 1211 .
485 1173 612 1216 non
654 1156 890 1217 factum
934 1163 1033 1218 est
1075 1157 1685 1261 saepiusjq-Quippe
1715 1158 1941 1234 omnia,
1986 1178 2143 1239 quae
2174 1176 2319 1220 con-

480 1275 736 1359 tulimus
782 1275 862 1337 de
904 1276 1028 1337 vita
1068 1277 1239 1337 Junii
1284 1277 1634 1338 Gracchani
1690 1278 1850 1338 adeo
1906 1277 2091 1338 exilia
2144 1284 2319 1354 sunt,

483 1414 642 1472 quae
704 1401 1057 1474 temporum
1118 1392 1363 1456 ratione
1427 1401 1674 1456 servata
1735 1395 1817 1457 ad
1879 1394 2035 1458 alios
2091 1397 2319 1458 multos

483 1512 705 1574 Junios
759 1513 1010 1594 possint
1063 1511 1418 1576 transferri.
1506 1512 1715 1575 Multo
1770 1514 2074 1595 majorem
2129 1513 2321 1593 igitur

373 1682 379 1689 .
482 1631 745 1693 facessit
787 1650 1071 1713 operam,
1118 1651 1302 1712 quem
1347 1630 1680 1694 divinando
1719 1630 1858 1711 quis
1885 1631 2321 1705 ‘Gracchanum

485 1749 675 1826 dixit,
729 1750 1040 1811 tralaticio
1087 1750 1198 1810 illo
1242 1749 1613 1830 cognomine
1668 1751 1927 1825 orbare,
1993 1768 2175 1831 quam
2238 1744 2320 1814 ad
2411 1751 2418 1759 “

484 1868 640 1932 alios
682 1887 1029 1951 propagare
1070 1868 1231 1930 illud
1274 1867 1504 1929 denuo.

655 2105 790 2170 Cic.
832 2126 949 2189 pro
993 2105 1207 2186 Quint.
1253 2101 1317 2169 1.
1362 2106 1430 2182 §-
1463 2103 1581 2169 .502
1624 2103 1830 2183 „Illud
1862 2124 2107 2187 quoque
2135 2106 2322 2168 nobis
2424 2123 2429 2137 ‘

479 2225 731 2289 accedit
771 2226 1266 2310 incommodum,
1331 2226 1502 2307 quod
1542 2224 1635 2291 Μ.
1676 2226 1933 2303 sanius,
1997 2225 2104 2305 qui
2154 2226 2319 2288 hanc

480 2363 760 2423 cansam,
800 2343 1065 2425 Aquini,
1116 2345 1453 2426 aliquoties
1495 2346 1659 2428 apud
1701 2351 1771 2408 te
1813 2347 1969 2425 egit,
2011 2345 2205 2407 homo
2248 2350 2323 2407 et

476 2461 545 2522 in
586 2459 726 2524 aliis
769 2461 975 2523 causis
1040 2462 1458 2537 exercitatus,
1524 2466 1594 2523 et
1644 2461 1713 2522 in
1761 2461 1883 2523 hac
1932 2460 2196 2523 multum
2250 2471 2322 2526 et

390 2617 394 2624 ·
477 2598 670 2664 saepe
709 2586 1025 2655 versatus,
1067 2579 1194 2642 hoc
1233 2586 1521 2662 tempore
1550 2579 1761 2655 abest,
1804 2597 1964 2643 nova
1998 2580 2321 2662 legatione

337 2747 347 2750 ,
478 2688 889 2779 ἰωῤείῐιιεέ*
971 2697 1306 2760 Ernestius
1348 2697 1415 2758 in
1460 2697 1615 2760 clav.
1661 2697 1796 2761 cic.
1863 2697 1976 2774 ed„
2026 2718 2083 2761 a.
2124 2695 2320 2801 1759ἴ
2368 2732 2371 2734 Δ

477 2817 563 2879 ad
584 2817 753 2879 hunc
786 2817 1038 2879 locum:
1082 2810 1544 2893 „Passeratins‚
1586 2814 1825 2895 inquit,
1870 2816 1952 2878 de
1979 2816 2092 2880 illo
2121 2816 2321 2879 Grac-

480 2937 683 2999 chano
723 2935 909 2998 Junio
961 2936 1448 3015 interpretatur,
1512 2935 1727 2996 nescio
1774 2954 1895 3014 qua
1934 2934 2181 2997 ratione
2220 2935 2319 2998 in-

478 3054 724 3116 ductus.
811 3051 1148 3135 Temporis
1198 3051 1425 3114 saltem
1474 3052 1707 3115 rationi
1763 3070 1890 3114 non
1944 3054 2319 3136 repugnat.“

479 3171 550 3234 In
606 3171 828 3253 quibus
880 3171 979 3233 bis
1029 3169 1228 3233 falsus
1283 3178 1385 3233 est
1434 3189 1493 3232 v,
1536 3169 1601 3231 d.
1665 3167 2062 3234 Passeratius
2119 3171 2319 3249 enim,

480 3310 666 3373 quem
707 3290 879 3352 nullo
922 3289 1086 3352 libro
1131 3288 1379 3364 addito,
1420 3286 1669 3365 citavit,
1712 3286 1832 3349 alia
1872 3307 2134 3370 prorsus
2162 3288 2336 3351 dicit·

480 3409 564 3474 ad
605 3408 739 3473 Cic.
781 3426 903 3491 pro
948 3406 1162 3485 Quint.
1204 3407 1275 3468 in
1318 3405 1423 3469 ed.
1469 3405 1695 3472 Graev.
1718 3425 1739 3467 x
1801 3406 2029 3483 „I-Innc
2067 3405 2162 3469 Μ.
2207 3407 2319 3469 Ju-

482 3528 654 3591 nium
698 3527 923 3592 Cicero
965 3527 1074 3590 111.
1119 3527 1203 3589 de
1231 3524 1480 3607 legibus
1510 3524 1792 3589 sodalem
1819 3544 1997 3588 suum
2024 3524 2321 3607 appellat,

485 3647 593 3729 qui
634 3647 973 3729 scripserat
1029 3644 1111 3708 ad
1172 3648 1418 3728 patrem
1481 3663 1660 3730 suum
1723 3644 1809 3707 de
1868 3649 2190 3728 potestate
2250 3662 2319 3727 et

482 3767 623 3847 iure
682 3755 1229 3859 magistratuumf‘
1304 3760 1487 3826 mem
1549 3777 1699 3827 vero
1739 3761 2134 3827 Passeratius
2174 3761 2319 3841 quia
