2605 4426
1177 370 1596 435 -12-

468 553 883 616 narrationem
928 558 1089 637 apud
1133 556 1375 621 Livium
1418 560 1538 639 lv,
1579 560 1694 642 45,
1739 568 1846 631 ubi
1890 573 2120 635 verba:
2185 574 2303 639 du-

465 672 756 752 plicando
788 683 1182 755 quaestorum
1226 699 1516 744 numero:
1560 684 1934 767 significent,
1978 713 2174 775 usque
2218 699 2304 759 ad

465 809 521 852 a.
565 787 712 859 334.
758 794 1008 855 omnino
1056 793 1211 859 duos
1253 803 1491 867 tantum
1537 812 1903 882 quaestores
1950 810 2166 874 fuisse.
2212 847 2297 858 -

462 907 652 970 Mitto
697 911 843 972 alia.
932 912 1074 973 Non
1136 934 1395 996 possum
1461 925 1670 983 tamen
1732 912 1943 990 mente
1989 934 2298 1011 'assequi‚

463 1029 774 1106 quomodo
795 1029 1129 1127 Ulpianus,
1152 1035 1468 1099 adhibitus
1496 1039 1687 1102 modo
1709 1046 1895 1106 testis
1921 1046 2102 1110 unius
2120 1049 2299 1130 judi-

462 1147 645 1207 candi
698 1168 886 1211 curae
937 1152 1383 1234 antiquissimis
1436 1162 1871 1236 quaestoribus
1934 1166 2292 1245 mandatae,
2411 1214 2424 1217 -

458 1265 644 1326 simul
682 1270 950 1348 probet,
1006 1269 1266 1334 eosdem
1305 1292 1425 1353 per
1474 1274 1730 1356 aliquod
1770 1287 2014 1364 tempus
2060 1291 2127 1347 et
2168 1287 2296 1347 cri-

458 1384 726 1446 minibus
769 1388 835 1457 e't
888 1360 1171 1468 pecuniis
1220 1391 1490 1472 publicis
1531 1399 1975 1477 conquirendis
2015 1423 2289 1468 vacasse.

454 1499 589 1564 Imo
628 1502 887 1580 Junius,
933 1507 1040 1586 qui
1067 1505 1337 1569 Romulo
1369 1496 1732 1595 Numaeque
1773 1518 1956 1582 binos
2000 1529 2290 1601 quaesto-

453 1638 558 1681 res
600 1620 838 1698 tribuit,
883 1623 937 1683 si
980 1623 1100 1685 hos
1143 1624 1323 1686 initio
1369 1646 1404 1689 a
1447 1648 1680 1709 genere
1710 1637 2051 1712 quaerendi
2082 1641 2288 1704 dictos

454 1739 715 1815 scribit,
778 1739 859 1802 ad
914 1760 1098 1823 reges
1141 1743 1287 1806 illos
1335 1763 1598 1810 necesse
1642 1756 1744 1814 est
1784 1752 1943 1816 haec
1983 1761 2290 1841 temporis

453 1863 599 1918 nota
640 1857 974 1922 referatur.
2313 1955 2320 1961 ι

599 1976 1050 2061 ¹Expendenda
1093 1972 1194 2043 cst
1234 1981 1360 2049 hoc
1402 1983 1545 2044 loco
1575 1983 1919 2052 Rubinonis
1951 1996 2289 2075 sententia,

453 2112 635 2172 quam
668 2086 982 2175 attigimus
1022 2105 1183 2179 part.
1228 2098 1276 2162 Ι.
1321 2121 1387 2180 p.
1419 2098 1527 2164 58.
1584 2103 1932 2169 Gracchani
1976 2110 2056 2173 de
2100 2133 2289 2192 quae-

449 2212 726 2275 storibus
783 2213 952 2278 dicta
1009 2216 1252 2299 legenti
1314 2221 1482 2283 ultro
1549 2226 1971 2306 conjecturam
2016 2231 2289 2296 suboriri

449 2331 537 2393 ait
586 2352 650 2412 p.
693 2330 842 2404 519.
889 2355 982 2415 sq.
1018 2382 1037 2412 ,
1101 2345 1496 2418 provocatam
1558 2344 1769 2405 verbis
1834 2326 1914 2407 de
1977 2348 2288 2414 industria

445 2452 673 2531 positis
699 2454 775 2513 ab
803 2454 1071 2536 Ulpiano
1102 2457 1386 2520 servatis.
1477 2460 1639 2533 (Die
1666 2462 2075 2527 Ausdriicke:
2119 2486 2284 2549 qnos
2333 2444 2338 2449 ι
2445 2528 2452 2542 ,

442 2571 569 2653 ipsi
609 2591 735 2633 non
775 2594 888 2636 sua
925 2593 1112 2651 voce,
1169 2576 1287 2638 secl
1334 2578 1553 2659 populi
1604 2580 1915 2662 suffragiis
1959 2594 2282 2665 crearent,

442 2681 667 2772 zeigen
707 2694 875 2756 wohl
918 2694 1197 2757 deutlich
1240 2697 1346 2760 die
1392 2697 1772 2780 opposition
1816 2703 2137 2766 entweder
2172 2724 2286 2785 ge-

441 2831 563 2893 gen
606 2812 748 2873 eine
791 2812 1221 2896 herrschende
1263 2814 1570 2898 Meinung
1616 2818 1774 2880 oder
1814 2819 2283 2912 Verfahrungs-

437 2932 630 2993 weise
674 2936 816 3005 an.)
904 2932 1262 3012 Sequuntur
1305 2954 1413 3012 ea,
1472 2956 1631 3016 qnae
1682 2956 1796 2998 nos
1838 2956 1902 3019 p.
1947 2936 2055 3002 55.
2101 2941 2278 3003 exhi-

435 3050 704 3114 buimus.
789 3049 1011 3132 Pergit
1054 3051 1326 3114 deinde:
1388 3054 1488 3115 Ad
1541 3055 1610 3115 id
1660 3057 2042 3135 accessisse,
2108 3060 2280 3139 quod

436 3169 695 3253 propius
768 3168 986 3231 fuerit.
1097 3168 1397 3234 Senatum
1467 3181 1614 3253 post
1671 3171 1924 3237 ‘Tiberii
1998 3185 2067 3239 et
2131 3179 2277 3243 Gaii
2329 3233 2334 3236 ,

438 3290 861 3367 Gracchorum
914 3288 1143 3353 caedes
1199 3310 1533 3373 usurpasse
1564 3293 1673 3374 jus
1718 3295 1785 3355 in
1828 3294 2028 3357 turbis
2070 3316 2271 3377 usque

432 3405 797 3485 remanens,
854 3410 1318 3488 quaestionibus
1375 3403 1521 3473 sine'
1552 3412 1771 3494 populi
1815 3414 2127 3495 suffragiis
2170 3414 2266 3477 in-

420 3493 702 3604 stitutis,
747 3527 1166 3612 quibus-lunii
1194 3518 1379 3591 amici
1408 3530 1617 3610 quavis
1647 3523 2018 3594 crudelitate
2047 3532 2264 3595 affice-

432 3650 681 3721 rentur,
747 3662 897 3725 quas
958 3645 1102 3727 ipse
1169 3664 1356 3727 aegre
1425 3648 1736 3731 effugerit.
1777 3661 1782 3662 ’
1846 3651 2264 3728 Quamobrem

428 3765 655 3840 licere,
701 3765 835 3844 ejus
878 3765 974 3827 rei
1014 3766 1571 3849 reprehensionem
1602 3787 1941 3851 agnoscere
1977 3772 2042 3833 in
2070 3770 2260 3845 dicto,
